<?xml version='1.0' encoding='utf-8'?>
<Document xmlns="urn:iso:std:iso:20022:tech:xsd:camt.053.001.02"><BkToCstmrStmt><GrpHdr><MsgId>MSG-20250829-001</MsgId><CreDtTm>2025-08-29T10:00:00Z</CreDtTm><MsgPgntn><PgNb>1</PgNb><LastPgInd>true</LastPgInd></MsgPgntn></GrpHdr><Stmt><Id>STMT-001</Id><ElctrncSeqNb>20250829</ElctrncSeqNb><CreDtTm>2025-08-29T10:00:00Z</CreDtTm><FrToDt><FrDtTm>2025-08-27T00:00:00Z</FrDtTm><ToDtTm>2025-08-29T00:00:00Z</ToDtTm></FrToDt><Acct><Id><Othr><Id>0011223301</Id></Othr></Id><Ccy>USD</Ccy><Nm>Test Customer 01 LLC</Nm></Acct><Bal><Tp><CdOrPrtry><Cd>OPBD</Cd></CdOrPrtry></Tp><Amt Ccy="USD">100000.00</Amt><CdtDbtInd>CRDT</CdtDbtInd><Dt><Dt>2025-08-27</Dt></Dt></Bal><Ntry><Amt Ccy="USD">25000.00</Amt><CdtDbtInd>CRDT</CdtDbtInd><Sts>BOOK</Sts><BookgDt><Dt>2025-08-27</Dt></BookgDt><ValDt><Dt>2025-08-27</Dt></ValDt><AcctSvcrRef>WIRE-REF-001-A</AcctSvcrRef><BkTxCd><Domn><Fmly><Cd>WIRE</Cd><SubFmlyCd>ICDT</SubFmlyCd></Fmly></Domn></BkTxCd><NtryDtls><TxDtls><Refs><InstrId>INSTR-DTSWEB</InstrId><EndToEndId>E2E-ZS3WWD</EndToEndId></Refs><RltdPties><Dbtr><Nm>Global Importers Inc.</Nm></Dbtr></RltdPties></TxDtls></NtryDtls></Ntry><Ntry><Amt Ccy="USD">15000.00</Amt><CdtDbtInd>CRDT</CdtDbtInd><Sts>BOOK</Sts><BookgDt><Dt>2025-08-28</Dt></BookgDt><ValDt><Dt>2025-08-28</Dt></ValDt><AcctSvcrRef>WIRE-REF-001-B</AcctSvcrRef><BkTxCd><Domn><Fmly><Cd>WIRE</Cd><SubFmlyCd>ICDT</SubFmlyCd></Fmly></Domn></BkTxCd><NtryDtls><TxDtls><Refs><InstrId>INSTR-B6R6RJ</InstrId><EndToEndId>E2E-RWTX36</EndToEndId></Refs><RltdPties><Dbtr><Nm>Acme Corp</Nm></Dbtr></RltdPties></TxDtls></NtryDtls></Ntry><Ntry><Amt Ccy="USD">10000.00</Amt><CdtDbtInd>DBIT</CdtDbtInd><Sts>BOOK</Sts><BookgDt><Dt>2025-08-28</Dt></BookgDt><ValDt><Dt>2025-08-28</Dt></ValDt><AcctSvcrRef>WIRE-REF-001-C</AcctSvcrRef><BkTxCd><Domn><Fmly><Cd>WIRE</Cd><SubFmlyCd>ODBT</SubFmlyCd></Fmly></Domn></BkTxCd><NtryDtls><TxDtls><Refs><InstrId>INSTR-DO7X48</InstrId><EndToEndId>E2E-34YAX6</EndToEndId></Refs><RltdPties><Cdtr><Nm>Supplier XYZ</Nm></Cdtr></RltdPties></TxDtls></NtryDtls></Ntry><Bal><Tp><CdOrPrtry><Cd>CLBD</Cd></CdOrPrtry></Tp><Amt Ccy="USD">130000.00</Amt><CdtDbtInd>CRDT</CdtDbtInd><Dt><Dt>2025-08-29</Dt></Dt></Bal></Stmt></BkToCstmrStmt></Document>