<?xml version='1.0' encoding='utf-8'?>
<Document xmlns="urn:iso:std:iso:20022:tech:xsd:camt.053.001.02"><BkToCstmrStmt><GrpHdr><MsgId>MSG-20250829-006</MsgId><CreDtTm>2025-08-29T10:00:00Z</CreDtTm><MsgPgntn><PgNb>1</PgNb><LastPgInd>true</LastPgInd></MsgPgntn></GrpHdr><Stmt><Id>STMT-006</Id><ElctrncSeqNb>20250829</ElctrncSeqNb><CreDtTm>2025-08-29T10:00:00Z</CreDtTm><FrToDt><FrDtTm>2025-08-27T00:00:00Z</FrDtTm><ToDtTm>2025-08-29T00:00:00Z</ToDtTm></FrToDt><Acct><Id><Othr><Id>0011223306</Id></Othr></Id><Ccy>USD</Ccy><Nm>Test Customer 06 LLC</Nm></Acct><Bal><Tp><CdOrPrtry><Cd>OPBD</Cd></CdOrPrtry></Tp><Amt Ccy="USD">100000.00</Amt><CdtDbtInd>CRDT</CdtDbtInd><Dt><Dt>2025-08-27</Dt></Dt></Bal><Ntry><Amt Ccy="USD">25000.00</Amt><CdtDbtInd>CRDT</CdtDbtInd><Sts>BOOK</Sts><BookgDt><Dt>2025-08-27</Dt></BookgDt><ValDt><Dt>2025-08-27</Dt></ValDt><AcctSvcrRef>WIRE-REF-006-A</AcctSvcrRef><BkTxCd><Domn><Fmly><Cd>WIRE</Cd><SubFmlyCd>ICDT</SubFmlyCd></Fmly></Domn></BkTxCd><NtryDtls><TxDtls><Refs><InstrId>INSTR-4SKAG3</InstrId><EndToEndId>E2E-1OU2I5</EndToEndId></Refs><RltdPties><Dbtr><Nm>Global Importers Inc.</Nm></Dbtr></RltdPties></TxDtls></NtryDtls></Ntry><Ntry><Amt Ccy="USD">15000.00</Amt><CdtDbtInd>CRDT</CdtDbtInd><Sts>BOOK</Sts><BookgDt><Dt>2025-08-28</Dt></BookgDt><ValDt><Dt>2025-08-28</Dt></ValDt><AcctSvcrRef>WIRE-REF-006-B</AcctSvcrRef><BkTxCd><Domn><Fmly><Cd>WIRE</Cd><SubFmlyCd>ICDT</SubFmlyCd></Fmly></Domn></BkTxCd><NtryDtls><TxDtls><Refs><InstrId>INSTR-EEFEJ4</InstrId><EndToEndId>E2E-SWPPP2</EndToEndId></Refs><RltdPties><Dbtr><Nm>Acme Corp</Nm></Dbtr></RltdPties></TxDtls></NtryDtls></Ntry><Ntry><Amt Ccy="USD">10000.00</Amt><CdtDbtInd>DBIT</CdtDbtInd><Sts>BOOK</Sts><BookgDt><Dt>2025-08-28</Dt></BookgDt><ValDt><Dt>2025-08-28</Dt></ValDt><AcctSvcrRef>WIRE-REF-006-C</AcctSvcrRef><BkTxCd><Domn><Fmly><Cd>WIRE</Cd><SubFmlyCd>ODBT</SubFmlyCd></Fmly></Domn></BkTxCd><NtryDtls><TxDtls><Refs><InstrId>INSTR-SRY8PR</InstrId><EndToEndId>E2E-9TAUW4</EndToEndId></Refs><RltdPties><Cdtr><Nm>Supplier XYZ</Nm></Cdtr></RltdPties></TxDtls></NtryDtls></Ntry><Bal><Tp><CdOrPrtry><Cd>CLBD</Cd></CdOrPrtry></Tp><Amt Ccy="USD">130000.00</Amt><CdtDbtInd>CRDT</CdtDbtInd><Dt><Dt>2025-08-29</Dt></Dt></Bal></Stmt></BkToCstmrStmt></Document>