<?xml version='1.0' encoding='utf-8'?>
<Document xmlns="urn:iso:std:iso:20022:tech:xsd:camt.053.001.08"><BkToCstmrStmt><GrpHdr><MsgId>MSG-ac411b17-b80c-4cb5-9591-375e4b2907f9</MsgId><CreDtTm>2025-09-11T17:04:58Z</CreDtTm></GrpHdr><Stmt><Id>WIRE-STAT-20250820-08</Id><ElctrncSeqNb>8</ElctrncSeqNb><LglSeqNb>8</LglSeqNb><CreDtTm>2025-09-11T17:04:58Z</CreDtTm><Acct><Id><IBAN>GB9969168806212959037572</IBAN></Id><Ownr><Nm>Sunrise Builders Inc.</Nm></Ownr><Svcr><FinInstnId><BICFI>CITIGB5C</BICFI></FinInstnId></Svcr></Acct><AcctSvcr>BARCBE2X</AcctSvcr><FrToDt><Fr>2025-08-20</Fr><To>2025-08-21</To></FrToDt><Bal><Tp><CdOrPrtry><Cd>OPBD</Cd></CdOrPrtry></Tp><Amt Ccy="USD">129926.61</Amt><CdtDbtInd>CRDT</CdtDbtInd><Dt><Dt>2025-08-20</Dt></Dt></Bal><Ntry><Amt Ccy="USD">13404.22</Amt><CdtDbtInd>CRDT</CdtDbtInd><Sts>BOOK</Sts><BookgDt><Dt>2025-08-20</Dt></BookgDt><ValDt><Dt>2025-08-20</Dt></ValDt><BkTxCd><Domn><Cd>PMNT</Cd><Fmly><Cd>RCDT</Cd><SubFmlyCd>XCRT</SubFmlyCd></Fmly></Domn></BkTxCd><NtryDtls><TxDtls><Refs><EndToEndId>E2E-7ea57d9c-7cf4-48a2-bb5c-91b23d70defa</EndToEndId><TxId>TX-b27ed3b0-82be-4473-88e7-07ac6f53eba6</TxId><UETR>6d111bdd-2167-470e-96f3-621afbd149e7</UETR></Refs><RltdPties><Cdtr><Nm>Umbrella Co</Nm></Cdtr><CdtrAcct><Id><IBAN>IT9927495880163433973729</IBAN></Id></CdtrAcct><Dbtr><Nm>Wonka Industries</Nm></Dbtr><DbtrAcct><Id><IBAN>PT9925757259067785933799</IBAN></Id></DbtrAcct></RltdPties><RltdAgts><CdtrAgt><FinInstnId><BICFI>HSBCES5C</BICFI></FinInstnId></CdtrAgt><DbtrAgt><FinInstnId><BICFI>RABOUS2X</BICFI></FinInstnId></DbtrAgt></RltdAgts><RmtInf><Ustrd>FX wire</Ustrd></RmtInf></TxDtls></NtryDtls></Ntry><Ntry><Amt Ccy="USD">20.71</Amt><CdtDbtInd>DBIT</CdtDbtInd><Sts>BOOK</Sts><BookgDt><Dt>2025-08-20</Dt></BookgDt><ValDt><Dt>2025-08-20</Dt></ValDt><BkTxCd><Domn><Cd>CHRG</Cd><Fmly><Cd>CHRG</Cd><SubFmlyCd>OTHR</SubFmlyCd></Fmly></Domn></BkTxCd><NtryDtls><TxDtls><Refs><EndToEndId>E2E-64b7cd62-571c-4b0b-9cb9-3e7b78718b8e</EndToEndId><TxId>TX-0891454f-7297-41e2-8a17-5e72f682af3e</TxId><UETR>72f81d9c-b51c-4dac-ad6c-511bd083dd02</UETR></Refs><RmtInf><Ustrd>Wire processing fee</Ustrd></RmtInf></TxDtls></NtryDtls></Ntry><Ntry><Amt Ccy="USD">4365.38</Amt><CdtDbtInd>CRDT</CdtDbtInd><Sts>BOOK</Sts><BookgDt><Dt>2025-08-20</Dt></BookgDt><ValDt><Dt>2025-08-20</Dt></ValDt><BkTxCd><Domn><Cd>PMNT</Cd><Fmly><Cd>RCDT</Cd><SubFmlyCd>XCRT</SubFmlyCd></Fmly></Domn></BkTxCd><NtryDtls><TxDtls><Refs><EndToEndId>E2E-be3974d3-7be0-4132-8e10-1b555d66a54e</EndToEndId><TxId>TX-35d31ef0-43d7-4b6e-b788-f3d45d4c6b0f</TxId><UETR>8e8c2e4e-930e-4921-86d7-ea92de56b3d2</UETR></Refs><RltdPties><Cdtr><Nm>Globex Corp</Nm></Cdtr><CdtrAcct><Id><IBAN>IT9921503641469085139417</IBAN></Id></CdtrAcct><Dbtr><Nm>Aperture Science</Nm></Dbtr><DbtrAcct><Id><IBAN>FR9990535149638487497202</IBAN></Id></DbtrAcct></RltdPties><RltdAgts><CdtrAgt><FinInstnId><BICFI>DEUTIE4B</BICFI></FinInstnId></CdtrAgt><DbtrAgt><FinInstnId><BICFI>CHASGB3A</BICFI></FinInstnId></DbtrAgt></RltdAgts><RmtInf><Ustrd>Payroll batch</Ustrd></RmtInf></TxDtls></NtryDtls></Ntry><Ntry><Amt Ccy="USD">7.30</Amt><CdtDbtInd>DBIT</CdtDbtInd><Sts>BOOK</Sts><BookgDt><Dt>2025-08-20</Dt></BookgDt><ValDt><Dt>2025-08-20</Dt></ValDt><BkTxCd><Domn><Cd>CHRG</Cd><Fmly><Cd>CHRG</Cd><SubFmlyCd>OTHR</SubFmlyCd></Fmly></Domn></BkTxCd><NtryDtls><TxDtls><Refs><EndToEndId>E2E-5a1d7683-7e36-4cc2-bfc5-37b9cbe7e51f</EndToEndId><TxId>TX-92b7d447-5168-4b7e-83b2-c313d4729e30</TxId><UETR>a7ad0c5b-232d-4ba6-a044-4f6ae400d1b1</UETR></Refs><RmtInf><Ustrd>Wire processing fee</Ustrd></RmtInf></TxDtls></NtryDtls></Ntry><Ntry><Amt Ccy="USD">11541.05</Amt><CdtDbtInd>CRDT</CdtDbtInd><Sts>BOOK</Sts><BookgDt><Dt>2025-08-20</Dt></BookgDt><ValDt><Dt>2025-08-20</Dt></ValDt><BkTxCd><Domn><Cd>PMNT</Cd><Fmly><Cd>RCDT</Cd><SubFmlyCd>DMCT</SubFmlyCd></Fmly></Domn></BkTxCd><NtryDtls><TxDtls><Refs><EndToEndId>E2E-983391fc-4e95-4801-9326-5de006e48773</EndToEndId><TxId>TX-9becc7bd-24d2-4406-b1b4-7534978ee611</TxId><UETR>8642f1cf-45eb-48f4-a5d6-c1fa89aa3daa</UETR></Refs><RltdPties><Cdtr><Nm>Stark Industries</Nm></Cdtr><CdtrAcct><Id><IBAN>DE9998531897896568225878</IBAN></Id></CdtrAcct><Dbtr><Nm>Pied Piper LLC</Nm></Dbtr><DbtrAcct><Id><IBAN>BE9943555671211953176769</IBAN></Id></DbtrAcct></RltdPties><RltdAgts><CdtrAgt><FinInstnId><BICFI>BNPABE6D</BICFI></FinInstnId></CdtrAgt><DbtrAgt><FinInstnId><BICFI>HSBCDE3A</BICFI></FinInstnId></DbtrAgt></RltdAgts><RmtInf><Ustrd>Vendor settlement</Ustrd></RmtInf></TxDtls></NtryDtls></Ntry><Ntry><Amt Ccy="USD">33.36</Amt><CdtDbtInd>DBIT</CdtDbtInd><Sts>BOOK</Sts><BookgDt><Dt>2025-08-20</Dt></BookgDt><ValDt><Dt>2025-08-20</Dt></ValDt><BkTxCd><Domn><Cd>CHRG</Cd><Fmly><Cd>CHRG</Cd><SubFmlyCd>OTHR</SubFmlyCd></Fmly></Domn></BkTxCd><NtryDtls><TxDtls><Refs><EndToEndId>E2E-b99689b6-8c91-4de1-81d6-713dab8fbd9a</EndToEndId><TxId>TX-66c988b9-7b27-4ae1-9ccd-9a14d2a0096a</TxId><UETR>867b2f56-6e48-471e-9a46-1e739ec55214</UETR></Refs><RmtInf><Ustrd>Wire processing fee</Ustrd></RmtInf></TxDtls></NtryDtls></Ntry><Ntry><Amt Ccy="USD">4223.08</Amt><CdtDbtInd>DBIT</CdtDbtInd><Sts>BOOK</Sts><BookgDt><Dt>2025-08-20</Dt></BookgDt><ValDt><Dt>2025-08-20</Dt></ValDt><BkTxCd><Domn><Cd>PMNT</Cd><Fmly><Cd>ICDT</Cd><SubFmlyCd>DMCT</SubFmlyCd></Fmly></Domn></BkTxCd><NtryDtls><TxDtls><Refs><EndToEndId>E2E-e6165589-9bc4-4e7f-8231-940a425be5fb</EndToEndId><TxId>TX-fa57f048-15fd-4f56-ae22-c7db0460696b</TxId><UETR>37cc6bad-7f40-4ac2-9206-f28c9a5223a2</UETR></Refs><RltdPties><Cdtr><Nm>Umbrella Co</Nm></Cdtr><CdtrAcct><Id><IBAN>IE9953896799649501644549</IBAN></Id></CdtrAcct><Dbtr><Nm>Tyrell Corporation</Nm></Dbtr><DbtrAcct><Id><IBAN>GB9909159420138228841927</IBAN></Id></DbtrAcct></RltdPties><RltdAgts><CdtrAgt><FinInstnId><BICFI>NATAGB2L</BICFI></FinInstnId></CdtrAgt><DbtrAgt><FinInstnId><BICFI>HSBCES2X</BICFI></FinInstnId></DbtrAgt></RltdAgts><RmtInf><Ustrd>FX wire</Ustrd></RmtInf></TxDtls></NtryDtls></Ntry><Ntry><Amt Ccy="USD">6090.26</Amt><CdtDbtInd>DBIT</CdtDbtInd><Sts>BOOK</Sts><BookgDt><Dt>2025-08-20</Dt></BookgDt><ValDt><Dt>2025-08-20</Dt></ValDt><BkTxCd><Domn><Cd>PMNT</Cd><Fmly><Cd>ICDT</Cd><SubFmlyCd>DMCT</SubFmlyCd></Fmly></Domn></BkTxCd><NtryDtls><TxDtls><Refs><EndToEndId>E2E-fd6ae07c-a685-4956-9769-e2812fb9f03f</EndToEndId><TxId>TX-b5ceb8ce-d642-4d79-94fd-f42ca1c6269b</TxId><UETR>aa7b4aac-3fb9-4227-92ce-af8c8a221024</UETR></Refs><RltdPties><Cdtr><Nm>Globex Corp</Nm></Cdtr><CdtrAcct><Id><IBAN>DE9910026267720767618640</IBAN></Id></CdtrAcct><Dbtr><Nm>Blue Sun Corp</Nm></Dbtr><DbtrAcct><Id><IBAN>DE9978105199230060179750</IBAN></Id></DbtrAcct></RltdPties><RltdAgts><CdtrAgt><FinInstnId><BICFI>BNPAUS3A</BICFI></FinInstnId></CdtrAgt><DbtrAgt><FinInstnId><BICFI>BOFAFR4B</BICFI></FinInstnId></DbtrAgt></RltdAgts><RmtInf><Ustrd>INV 44615</Ustrd></RmtInf></TxDtls></NtryDtls></Ntry><Ntry><Amt Ccy="USD">5.82</Amt><CdtDbtInd>DBIT</CdtDbtInd><Sts>BOOK</Sts><BookgDt><Dt>2025-08-20</Dt></BookgDt><ValDt><Dt>2025-08-20</Dt></ValDt><BkTxCd><Domn><Cd>CHRG</Cd><Fmly><Cd>CHRG</Cd><SubFmlyCd>OTHR</SubFmlyCd></Fmly></Domn></BkTxCd><NtryDtls><TxDtls><Refs><EndToEndId>E2E-48266d2a-b385-4500-83d8-13f9e38715a5</EndToEndId><TxId>TX-33d1a11f-b20f-4e8a-bd2b-110b0a155fff</TxId><UETR>c603a290-3872-4e7a-8c0f-2082c709af8e</UETR></Refs><RmtInf><Ustrd>Wire processing fee</Ustrd></RmtInf></TxDtls></NtryDtls></Ntry><Ntry><Amt Ccy="USD">8116.97</Amt><CdtDbtInd>DBIT</CdtDbtInd><Sts>BOOK</Sts><BookgDt><Dt>2025-08-20</Dt></BookgDt><ValDt><Dt>2025-08-20</Dt></ValDt><BkTxCd><Domn><Cd>PMNT</Cd><Fmly><Cd>ICDT</Cd><SubFmlyCd>XCRT</SubFmlyCd></Fmly></Domn></BkTxCd><NtryDtls><TxDtls><Refs><EndToEndId>E2E-757de1ff-0954-4e69-816f-203ee48d9336</EndToEndId><TxId>TX-19c84926-e2fd-4c6f-9231-d10c2d6f1b6c</TxId><UETR>fffdf153-2edd-4b84-acd4-b148ff45c75b</UETR></Refs><RltdPties><Cdtr><Nm>Globex Corp</Nm></Cdtr><CdtrAcct><Id><IBAN>FR9985666669258472732272</IBAN></Id></CdtrAcct><Dbtr><Nm>Cyberdyne Systems</Nm></Dbtr><DbtrAcct><Id><IBAN>AT9918071408689425738325</IBAN></Id></DbtrAcct></RltdPties><RltdAgts><CdtrAgt><FinInstnId><BICFI>CITIGB3A</BICFI></FinInstnId></CdtrAgt><DbtrAgt><FinInstnId><BICFI>DEUTUS6D</BICFI></FinInstnId></DbtrAgt></RltdAgts><RmtInf><Ustrd>Wire payment</Ustrd></RmtInf></TxDtls></NtryDtls></Ntry><Ntry><Amt Ccy="USD">12.92</Amt><CdtDbtInd>DBIT</CdtDbtInd><Sts>BOOK</Sts><BookgDt><Dt>2025-08-20</Dt></BookgDt><ValDt><Dt>2025-08-20</Dt></ValDt><BkTxCd><Domn><Cd>CHRG</Cd><Fmly><Cd>CHRG</Cd><SubFmlyCd>OTHR</SubFmlyCd></Fmly></Domn></BkTxCd><NtryDtls><TxDtls><Refs><EndToEndId>E2E-7426b9f0-6823-4616-a267-896d141f572b</EndToEndId><TxId>TX-1a51b302-25b8-4bd1-a176-c0ce95d08bb7</TxId><UETR>49408bb8-a02d-4576-8dd6-7b074645bff3</UETR></Refs><RmtInf><Ustrd>Wire processing fee</Ustrd></RmtInf></TxDtls></NtryDtls></Ntry><Ntry><Amt Ccy="USD">17094.04</Amt><CdtDbtInd>CRDT</CdtDbtInd><Sts>BOOK</Sts><BookgDt><Dt>2025-08-20</Dt></BookgDt><ValDt><Dt>2025-08-20</Dt></ValDt><BkTxCd><Domn><Cd>PMNT</Cd><Fmly><Cd>RCDT</Cd><SubFmlyCd>XCRT</SubFmlyCd></Fmly></Domn></BkTxCd><NtryDtls><TxDtls><Refs><EndToEndId>E2E-3da7fcc3-0b0b-4272-8150-b38b5c65778a</EndToEndId><TxId>TX-b37ac222-3525-4ae4-8ee9-34151c0fa509</TxId><UETR>daf10855-1313-4eaa-963f-9ca919921b08</UETR></Refs><RltdPties><Cdtr><Nm>Umbrella Co</Nm></Cdtr><CdtrAcct><Id><IBAN>AT9957324467338446243511</IBAN></Id></CdtrAcct><Dbtr><Nm>Blue Sun Corp</Nm></Dbtr><DbtrAcct><Id><IBAN>PT9964071828778210620008</IBAN></Id></DbtrAcct></RltdPties><RltdAgts><CdtrAgt><FinInstnId><BICFI>DEUTES4B</BICFI></FinInstnId></CdtrAgt><DbtrAgt><FinInstnId><BICFI>DEUTES4B</BICFI></FinInstnId></DbtrAgt></RltdAgts><RmtInf><Ustrd>FX wire</Ustrd></RmtInf></TxDtls></NtryDtls></Ntry><Ntry><Amt Ccy="USD">17.25</Amt><CdtDbtInd>DBIT</CdtDbtInd><Sts>BOOK</Sts><BookgDt><Dt>2025-08-20</Dt></BookgDt><ValDt><Dt>2025-08-20</Dt></ValDt><BkTxCd><Domn><Cd>CHRG</Cd><Fmly><Cd>CHRG</Cd><SubFmlyCd>OTHR</SubFmlyCd></Fmly></Domn></BkTxCd><NtryDtls><TxDtls><Refs><EndToEndId>E2E-aee7e891-3202-48b8-9470-03867c702e48</EndToEndId><TxId>TX-2f69f230-90b6-4ba1-a03b-3cce43ace203</TxId><UETR>eafc0bd6-880e-4f47-a4e3-28935a154868</UETR></Refs><RmtInf><Ustrd>Wire processing fee</Ustrd></RmtInf></TxDtls></NtryDtls></Ntry><Ntry><Amt Ccy="USD">11957.71</Amt><CdtDbtInd>DBIT</CdtDbtInd><Sts>BOOK</Sts><BookgDt><Dt>2025-08-20</Dt></BookgDt><ValDt><Dt>2025-08-20</Dt></ValDt><BkTxCd><Domn><Cd>PMNT</Cd><Fmly><Cd>ICDT</Cd><SubFmlyCd>XCRT</SubFmlyCd></Fmly></Domn></BkTxCd><NtryDtls><TxDtls><Refs><EndToEndId>E2E-7e2ac434-fc4c-4063-a4cd-8e41e081dbfc</EndToEndId><TxId>TX-1fd5843b-9914-48e9-8693-6a5d261026dd</TxId><UETR>816ef890-0b4e-45ad-ae85-057d1e4ae9d1</UETR></Refs><RltdPties><Cdtr><Nm>Vandelay Imports</Nm></Cdtr><CdtrAcct><Id><IBAN>FR9997055985579531498675</IBAN></Id></CdtrAcct><Dbtr><Nm>Wonka Industries</Nm></Dbtr><DbtrAcct><Id><IBAN>ES9954115583910839177563</IBAN></Id></DbtrAcct></RltdPties><RltdAgts><CdtrAgt><FinInstnId><BICFI>BOFAUS2L</BICFI></FinInstnId></CdtrAgt><DbtrAgt><FinInstnId><BICFI>SOGEUS3A</BICFI></FinInstnId></DbtrAgt></RltdAgts><RmtInf><Ustrd>Vendor settlement</Ustrd></RmtInf></TxDtls></NtryDtls></Ntry><Ntry><Amt Ccy="USD">1186.53</Amt><CdtDbtInd>CRDT</CdtDbtInd><Sts>BOOK</Sts><BookgDt><Dt>2025-08-20</Dt></BookgDt><ValDt><Dt>2025-08-20</Dt></ValDt><BkTxCd><Domn><Cd>PMNT</Cd><Fmly><Cd>RCDT</Cd><SubFmlyCd>DMCT</SubFmlyCd></Fmly></Domn></BkTxCd><NtryDtls><TxDtls><Refs><EndToEndId>E2E-dc4702f3-df20-4955-8c0f-1613bde61700</EndToEndId><TxId>TX-57efd284-78f0-44ad-892c-4d218ef0b9f8</TxId><UETR>594da385-de0b-48cb-b441-a5a2b33bc4bb</UETR></Refs><RltdPties><Cdtr><Nm>Umbrella Co</Nm></Cdtr><CdtrAcct><Id><IBAN>AT9999141029198574089812</IBAN></Id></CdtrAcct><Dbtr><Nm>Aperture Science</Nm></Dbtr><DbtrAcct><Id><IBAN>ES9932377312547595561670</IBAN></Id></DbtrAcct></RltdPties><RltdAgts><CdtrAgt><FinInstnId><BICFI>HSBCES2X</BICFI></FinInstnId></CdtrAgt><DbtrAgt><FinInstnId><BICFI>DEUTUS4B</BICFI></FinInstnId></DbtrAgt></RltdAgts><RmtInf><Ustrd>Payroll batch</Ustrd></RmtInf></TxDtls></NtryDtls></Ntry><Ntry><Amt Ccy="USD">5.00</Amt><CdtDbtInd>DBIT</CdtDbtInd><Sts>BOOK</Sts><BookgDt><Dt>2025-08-20</Dt></BookgDt><ValDt><Dt>2025-08-20</Dt></ValDt><BkTxCd><Domn><Cd>CHRG</Cd><Fmly><Cd>CHRG</Cd><SubFmlyCd>OTHR</SubFmlyCd></Fmly></Domn></BkTxCd><NtryDtls><TxDtls><Refs><EndToEndId>E2E-3d581b33-6e12-417d-aa1a-98083295855b</EndToEndId><TxId>TX-08d4aee3-ef2e-40c5-b650-53c186d6d82d</TxId><UETR>13001b53-2ffb-40b3-b022-16c92c24b888</UETR></Refs><RmtInf><Ustrd>Wire processing fee</Ustrd></RmtInf></TxDtls></NtryDtls></Ntry><Ntry><Amt Ccy="USD">3499.34</Amt><CdtDbtInd>CRDT</CdtDbtInd><Sts>BOOK</Sts><BookgDt><Dt>2025-08-20</Dt></BookgDt><ValDt><Dt>2025-08-20</Dt></ValDt><BkTxCd><Domn><Cd>PMNT</Cd><Fmly><Cd>RCDT</Cd><SubFmlyCd>XCRT</SubFmlyCd></Fmly></Domn></BkTxCd><NtryDtls><TxDtls><Refs><EndToEndId>E2E-7c75b14a-1c15-4d84-a755-9eecaec50aa2</EndToEndId><TxId>TX-b92cd0b5-3af9-4bbc-9262-c6b55901800b</TxId><UETR>e9d4a5bb-94d1-4424-aab6-9817a3d9fe7e</UETR></Refs><RltdPties><Cdtr><Nm>Initech Ltd</Nm></Cdtr><CdtrAcct><Id><IBAN>AT9904265918612387010588</IBAN></Id></CdtrAcct><Dbtr><Nm>Cyberdyne Systems</Nm></Dbtr><DbtrAcct><Id><IBAN>IT9912463845559519285846</IBAN></Id></DbtrAcct></RltdPties><RltdAgts><CdtrAgt><FinInstnId><BICFI>CHASBE4B</BICFI></FinInstnId></CdtrAgt><DbtrAgt><FinInstnId><BICFI>BOFAIE2L</BICFI></FinInstnId></DbtrAgt></RltdAgts><RmtInf><Ustrd>Vendor settlement</Ustrd></RmtInf></TxDtls></NtryDtls></Ntry><Ntry><Amt Ccy="USD">18638.92</Amt><CdtDbtInd>DBIT</CdtDbtInd><Sts>BOOK</Sts><BookgDt><Dt>2025-08-20</Dt></BookgDt><ValDt><Dt>2025-08-20</Dt></ValDt><BkTxCd><Domn><Cd>PMNT</Cd><Fmly><Cd>ICDT</Cd><SubFmlyCd>DMCT</SubFmlyCd></Fmly></Domn></BkTxCd><NtryDtls><TxDtls><Refs><EndToEndId>E2E-8c7e03e4-545e-40fe-bfff-ff4048140337</EndToEndId><TxId>TX-7e2e91cd-a3eb-40d3-914a-6fc91a3979dd</TxId><UETR>35b39034-4051-4aaa-842c-884260084853</UETR></Refs><RltdPties><Cdtr><Nm>Wayne Enterprises</Nm></Cdtr><CdtrAcct><Id><IBAN>IE9922164224677668724783</IBAN></Id></CdtrAcct><Dbtr><Nm>Pied Piper LLC</Nm></Dbtr><DbtrAcct><Id><IBAN>AT9927500594308147982972</IBAN></Id></DbtrAcct></RltdPties><RltdAgts><CdtrAgt><FinInstnId><BICFI>BNPAES6D</BICFI></FinInstnId></CdtrAgt><DbtrAgt><FinInstnId><BICFI>CHASGB5C</BICFI></FinInstnId></DbtrAgt></RltdAgts><RmtInf><Ustrd>Vendor settlement</Ustrd></RmtInf></TxDtls></NtryDtls></Ntry><Ntry><Amt Ccy="USD">38.56</Amt><CdtDbtInd>DBIT</CdtDbtInd><Sts>BOOK</Sts><BookgDt><Dt>2025-08-20</Dt></BookgDt><ValDt><Dt>2025-08-20</Dt></ValDt><BkTxCd><Domn><Cd>CHRG</Cd><Fmly><Cd>CHRG</Cd><SubFmlyCd>OTHR</SubFmlyCd></Fmly></Domn></BkTxCd><NtryDtls><TxDtls><Refs><EndToEndId>E2E-bba1fd05-55a3-485f-84bd-0ad7699c87fc</EndToEndId><TxId>TX-fae24f94-b825-4e04-be62-41bb99cfce48</TxId><UETR>a5f0ce3c-c7cd-436e-a370-a1115864c0b4</UETR></Refs><RmtInf><Ustrd>Wire processing fee</Ustrd></RmtInf></TxDtls></NtryDtls></Ntry><Ntry><Amt Ccy="USD">1297.53</Amt><CdtDbtInd>DBIT</CdtDbtInd><Sts>BOOK</Sts><BookgDt><Dt>2025-08-20</Dt></BookgDt><ValDt><Dt>2025-08-20</Dt></ValDt><BkTxCd><Domn><Cd>PMNT</Cd><Fmly><Cd>ICDT</Cd><SubFmlyCd>DMCT</SubFmlyCd></Fmly></Domn></BkTxCd><NtryDtls><TxDtls><Refs><EndToEndId>E2E-696ee528-1141-4baa-abb9-b9c5f0613f54</EndToEndId><TxId>TX-e187cc27-3a70-4bbb-b65e-5b0658c39997</TxId><UETR>9f24fc7b-cd8a-4b98-afe0-a731ffd59fd5</UETR></Refs><RltdPties><Cdtr><Nm>Vandelay Imports</Nm></Cdtr><CdtrAcct><Id><IBAN>PT9920720108759694709752</IBAN></Id></CdtrAcct><Dbtr><Nm>Wonka Industries</Nm></Dbtr><DbtrAcct><Id><IBAN>GB9923161176087986447025</IBAN></Id></DbtrAcct></RltdPties><RltdAgts><CdtrAgt><FinInstnId><BICFI>CHASDE4B</BICFI></FinInstnId></CdtrAgt><DbtrAgt><FinInstnId><BICFI>BARCGB3A</BICFI></FinInstnId></DbtrAgt></RltdAgts><RmtInf><Ustrd>FX wire</Ustrd></RmtInf></TxDtls></NtryDtls></Ntry><Ntry><Amt Ccy="USD">15737.55</Amt><CdtDbtInd>CRDT</CdtDbtInd><Sts>BOOK</Sts><BookgDt><Dt>2025-08-20</Dt></BookgDt><ValDt><Dt>2025-08-20</Dt></ValDt><BkTxCd><Domn><Cd>PMNT</Cd><Fmly><Cd>RCDT</Cd><SubFmlyCd>DMCT</SubFmlyCd></Fmly></Domn></BkTxCd><NtryDtls><TxDtls><Refs><EndToEndId>E2E-5de244f9-a51b-4055-b61e-13c965236e1c</EndToEndId><TxId>TX-4c34c5c8-2aae-45b9-8223-70102c2f42cf</TxId><UETR>b9186b1d-401c-4ecc-8b23-919cbe3d4398</UETR></Refs><RltdPties><Cdtr><Nm>Globex Corp</Nm></Cdtr><CdtrAcct><Id><IBAN>GB9940351073545864756341</IBAN></Id></CdtrAcct><Dbtr><Nm>Tyrell Corporation</Nm></Dbtr><DbtrAcct><Id><IBAN>NL9988262464286238467260</IBAN></Id></DbtrAcct></RltdPties><RltdAgts><CdtrAgt><FinInstnId><BICFI>CHASDE2L</BICFI></FinInstnId></CdtrAgt><DbtrAgt><FinInstnId><BICFI>BOFAES5C</BICFI></FinInstnId></DbtrAgt></RltdAgts><RmtInf><Ustrd>INV 57554</Ustrd></RmtInf></TxDtls></NtryDtls></Ntry><Ntry><Amt Ccy="USD">15537.61</Amt><CdtDbtInd>CRDT</CdtDbtInd><Sts>BOOK</Sts><BookgDt><Dt>2025-08-20</Dt></BookgDt><ValDt><Dt>2025-08-20</Dt></ValDt><BkTxCd><Domn><Cd>PMNT</Cd><Fmly><Cd>RCDT</Cd><SubFmlyCd>XCRT</SubFmlyCd></Fmly></Domn></BkTxCd><NtryDtls><TxDtls><Refs><EndToEndId>E2E-9dd97882-9b5b-4b80-8799-b0603ff67145</EndToEndId><TxId>TX-a229a944-a16d-48b1-99b5-d53762453d58</TxId><UETR>e4b2c375-967a-4f3f-97b1-15fcf5919af6</UETR></Refs><RltdPties><Cdtr><Nm>Umbrella Co</Nm></Cdtr><CdtrAcct><Id><IBAN>NL9944582212842560702454</IBAN></Id></CdtrAcct><Dbtr><Nm>Pied Piper LLC</Nm></Dbtr><DbtrAcct><Id><IBAN>GB9953489717933440233214</IBAN></Id></DbtrAcct></RltdPties><RltdAgts><CdtrAgt><FinInstnId><BICFI>BOFAFR2L</BICFI></FinInstnId></CdtrAgt><DbtrAgt><FinInstnId><BICFI>CITINL3A</BICFI></FinInstnId></DbtrAgt></RltdAgts><RmtInf><Ustrd>Wire payment</Ustrd></RmtInf></TxDtls></NtryDtls></Ntry><Ntry><Amt Ccy="USD">32.24</Amt><CdtDbtInd>DBIT</CdtDbtInd><Sts>BOOK</Sts><BookgDt><Dt>2025-08-20</Dt></BookgDt><ValDt><Dt>2025-08-20</Dt></ValDt><BkTxCd><Domn><Cd>CHRG</Cd><Fmly><Cd>CHRG</Cd><SubFmlyCd>OTHR</SubFmlyCd></Fmly></Domn></BkTxCd><NtryDtls><TxDtls><Refs><EndToEndId>E2E-617e19e6-8c3d-40f2-8c47-3173a0ea379d</EndToEndId><TxId>TX-c3269546-06f8-4780-a1c6-dbdd251fbc14</TxId><UETR>cd346e54-cdbd-452d-8d52-321b6ceca26c</UETR></Refs><RmtInf><Ustrd>Wire processing fee</Ustrd></RmtInf></TxDtls></NtryDtls></Ntry><Ntry><Amt Ccy="USD">1331.90</Amt><CdtDbtInd>CRDT</CdtDbtInd><Sts>BOOK</Sts><BookgDt><Dt>2025-08-20</Dt></BookgDt><ValDt><Dt>2025-08-20</Dt></ValDt><BkTxCd><Domn><Cd>PMNT</Cd><Fmly><Cd>RCDT</Cd><SubFmlyCd>XCRT</SubFmlyCd></Fmly></Domn></BkTxCd><NtryDtls><TxDtls><Refs><EndToEndId>E2E-224dcb88-157f-4f94-b0b9-99a947f4238c</EndToEndId><TxId>TX-ba0dd7ec-45b8-4ec8-88cf-596ac607cd81</TxId><UETR>23f612ed-52b0-4471-a9b9-abcc952866a6</UETR></Refs><RltdPties><Cdtr><Nm>Vandelay Imports</Nm></Cdtr><CdtrAcct><Id><IBAN>BE9911002195141224676507</IBAN></Id></CdtrAcct><Dbtr><Nm>Cyberdyne Systems</Nm></Dbtr><DbtrAcct><Id><IBAN>BE9936728166649132158120</IBAN></Id></DbtrAcct></RltdPties><RltdAgts><CdtrAgt><FinInstnId><BICFI>CITIBE6D</BICFI></FinInstnId></CdtrAgt><DbtrAgt><FinInstnId><BICFI>RABOBE6D</BICFI></FinInstnId></DbtrAgt></RltdAgts><RmtInf><Ustrd>INV 90718</Ustrd></RmtInf></TxDtls></NtryDtls></Ntry><Ntry><Amt Ccy="USD">11569.91</Amt><CdtDbtInd>DBIT</CdtDbtInd><Sts>BOOK</Sts><BookgDt><Dt>2025-08-20</Dt></BookgDt><ValDt><Dt>2025-08-20</Dt></ValDt><BkTxCd><Domn><Cd>PMNT</Cd><Fmly><Cd>ICDT</Cd><SubFmlyCd>DMCT</SubFmlyCd></Fmly></Domn></BkTxCd><NtryDtls><TxDtls><Refs><EndToEndId>E2E-83cf349d-b54d-418b-a5e5-9348e0ad5d01</EndToEndId><TxId>TX-c954cae4-d870-460a-bd8e-c591d34c0f97</TxId><UETR>c3fa510e-0200-4e41-8fe1-50a8f9c69f8f</UETR></Refs><RltdPties><Cdtr><Nm>Wayne Enterprises</Nm></Cdtr><CdtrAcct><Id><IBAN>FR9996701383293792664220</IBAN></Id></CdtrAcct><Dbtr><Nm>Pied Piper LLC</Nm></Dbtr><DbtrAcct><Id><IBAN>NL9974344402731533239768</IBAN></Id></DbtrAcct></RltdPties><RltdAgts><CdtrAgt><FinInstnId><BICFI>WFBKUS3A</BICFI></FinInstnId></CdtrAgt><DbtrAgt><FinInstnId><BICFI>BARCDE5C</BICFI></FinInstnId></DbtrAgt></RltdAgts><RmtInf><Ustrd>Refund</Ustrd></RmtInf></TxDtls></NtryDtls></Ntry><Ntry><Amt Ccy="USD">6099.28</Amt><CdtDbtInd>DBIT</CdtDbtInd><Sts>BOOK</Sts><BookgDt><Dt>2025-08-20</Dt></BookgDt><ValDt><Dt>2025-08-20</Dt></ValDt><BkTxCd><Domn><Cd>PMNT</Cd><Fmly><Cd>ICDT</Cd><SubFmlyCd>DMCT</SubFmlyCd></Fmly></Domn></BkTxCd><NtryDtls><TxDtls><Refs><EndToEndId>E2E-084a4322-e746-4a3e-bf79-8aa9e72c6dbe</EndToEndId><TxId>TX-879cb735-60b4-4b42-8ca6-7301d26cf6be</TxId><UETR>b0f68c7e-6895-4627-a566-74187edf5c71</UETR></Refs><RltdPties><Cdtr><Nm>Umbrella Co</Nm></Cdtr><CdtrAcct><Id><IBAN>ES9922823126825922636963</IBAN></Id></CdtrAcct><Dbtr><Nm>Aperture Science</Nm></Dbtr><DbtrAcct><Id><IBAN>FR9983248003367524446640</IBAN></Id></DbtrAcct></RltdPties><RltdAgts><CdtrAgt><FinInstnId><BICFI>DEUTES5C</BICFI></FinInstnId></CdtrAgt><DbtrAgt><FinInstnId><BICFI>BOFAES2L</BICFI></FinInstnId></DbtrAgt></RltdAgts><RmtInf><Ustrd>Refund</Ustrd></RmtInf></TxDtls></NtryDtls></Ntry><Ntry><Amt Ccy="USD">19330.16</Amt><CdtDbtInd>CRDT</CdtDbtInd><Sts>BOOK</Sts><BookgDt><Dt>2025-08-20</Dt></BookgDt><ValDt><Dt>2025-08-20</Dt></ValDt><BkTxCd><Domn><Cd>PMNT</Cd><Fmly><Cd>RCDT</Cd><SubFmlyCd>DMCT</SubFmlyCd></Fmly></Domn></BkTxCd><NtryDtls><TxDtls><Refs><EndToEndId>E2E-a4745fec-7960-4368-b99b-06e7fa173edb</EndToEndId><TxId>TX-2d1e5901-b076-4534-ae60-15648dea414a</TxId><UETR>425ff798-44fd-4b66-98ba-7b996652c205</UETR></Refs><RltdPties><Cdtr><Nm>Globex Corp</Nm></Cdtr><CdtrAcct><Id><IBAN>IE9949229008102434465722</IBAN></Id></CdtrAcct><Dbtr><Nm>Blue Sun Corp</Nm></Dbtr><DbtrAcct><Id><IBAN>BE9941361273982332948541</IBAN></Id></DbtrAcct></RltdPties><RltdAgts><CdtrAgt><FinInstnId><BICFI>HSBCGB5C</BICFI></FinInstnId></CdtrAgt><DbtrAgt><FinInstnId><BICFI>WFBKNL6D</BICFI></FinInstnId></DbtrAgt></RltdAgts><RmtInf><Ustrd>INV 11939</Ustrd></RmtInf></TxDtls></NtryDtls></Ntry><Bal><Tp><CdOrPrtry><Cd>CLBD</Cd></CdOrPrtry></Tp><Amt Ccy="USD">164787.57</Amt><CdtDbtInd>CRDT</CdtDbtInd><Dt><Dt>2025-08-21</Dt></Dt></Bal><AddtlStmtInf>All entries represent wire transactions (domestic/cross-border). Fees modeled mixed (separate CHRG entries or netted).</AddtlStmtInf></Stmt></BkToCstmrStmt></Document>