<?xml version='1.0' encoding='utf-8'?>
<Document xmlns="urn:iso:std:iso:20022:tech:xsd:camt.053.001.08"><BkToCstmrStmt><GrpHdr><MsgId>MSG-1fcf9a16-edbd-40f1-900d-7968ec4922ce</MsgId><CreDtTm>2025-09-11T17:04:58Z</CreDtTm></GrpHdr><Stmt><Id>WIRE-STAT-20250819-07</Id><ElctrncSeqNb>7</ElctrncSeqNb><LglSeqNb>7</LglSeqNb><CreDtTm>2025-09-11T17:04:58Z</CreDtTm><Acct><Id><IBAN>IE9945383890083552753151</IBAN></Id><Ownr><Nm>North Coast Trading Co.</Nm></Ownr><Svcr><FinInstnId><BICFI>BOFABE2X</BICFI></FinInstnId></Svcr></Acct><AcctSvcr>CHASNL4B</AcctSvcr><FrToDt><Fr>2025-08-19</Fr><To>2025-08-20</To></FrToDt><Bal><Tp><CdOrPrtry><Cd>OPBD</Cd></CdOrPrtry></Tp><Amt Ccy="USD">176135.30</Amt><CdtDbtInd>CRDT</CdtDbtInd><Dt><Dt>2025-08-19</Dt></Dt></Bal><Ntry><Amt Ccy="USD">7632.96</Amt><CdtDbtInd>CRDT</CdtDbtInd><Sts>BOOK</Sts><BookgDt><Dt>2025-08-19</Dt></BookgDt><ValDt><Dt>2025-08-19</Dt></ValDt><BkTxCd><Domn><Cd>PMNT</Cd><Fmly><Cd>RCDT</Cd><SubFmlyCd>XCRT</SubFmlyCd></Fmly></Domn></BkTxCd><NtryDtls><TxDtls><Refs><EndToEndId>E2E-62b0fe26-112e-4172-9d1f-8b88687e387c</EndToEndId><TxId>TX-5952c08b-aa2e-47be-b1cd-5a07cffca9d2</TxId><UETR>9f0d3ad3-42c6-462d-b8f5-96b0ebafcda0</UETR></Refs><RltdPties><Cdtr><Nm>Initech Ltd</Nm></Cdtr><CdtrAcct><Id><IBAN>IE9996844905832493239045</IBAN></Id></CdtrAcct><Dbtr><Nm>Pied Piper LLC</Nm></Dbtr><DbtrAcct><Id><IBAN>BE9941679644615923611811</IBAN></Id></DbtrAcct></RltdPties><RltdAgts><CdtrAgt><FinInstnId><BICFI>NATAGB2X</BICFI></FinInstnId></CdtrAgt><DbtrAgt><FinInstnId><BICFI>WFBKES4B</BICFI></FinInstnId></DbtrAgt></RltdAgts><RmtInf><Ustrd>Wire payment</Ustrd></RmtInf></TxDtls></NtryDtls></Ntry><Ntry><Amt Ccy="USD">16968.80</Amt><CdtDbtInd>DBIT</CdtDbtInd><Sts>BOOK</Sts><BookgDt><Dt>2025-08-19</Dt></BookgDt><ValDt><Dt>2025-08-19</Dt></ValDt><BkTxCd><Domn><Cd>PMNT</Cd><Fmly><Cd>ICDT</Cd><SubFmlyCd>XCRT</SubFmlyCd></Fmly></Domn></BkTxCd><NtryDtls><TxDtls><Refs><EndToEndId>E2E-3189eab3-89b3-4b39-aeed-bb140694a937</EndToEndId><TxId>TX-885cdefa-a0a5-4cdd-b177-1df2998dc2b1</TxId><UETR>c806582f-5ad6-4912-bf29-fc973fd744fe</UETR></Refs><RltdPties><Cdtr><Nm>Vandelay Imports</Nm></Cdtr><CdtrAcct><Id><IBAN>IT9915079087748848204361</IBAN></Id></CdtrAcct><Dbtr><Nm>Cyberdyne Systems</Nm></Dbtr><DbtrAcct><Id><IBAN>FR9977540871915711535608</IBAN></Id></DbtrAcct></RltdPties><RltdAgts><CdtrAgt><FinInstnId><BICFI>BNPADE3A</BICFI></FinInstnId></CdtrAgt><DbtrAgt><FinInstnId><BICFI>DEUTIE2X</BICFI></FinInstnId></DbtrAgt></RltdAgts><RmtInf><Ustrd>Vendor settlement</Ustrd></RmtInf></TxDtls></NtryDtls></Ntry><Ntry><Amt Ccy="USD">39.65</Amt><CdtDbtInd>DBIT</CdtDbtInd><Sts>BOOK</Sts><BookgDt><Dt>2025-08-19</Dt></BookgDt><ValDt><Dt>2025-08-19</Dt></ValDt><BkTxCd><Domn><Cd>CHRG</Cd><Fmly><Cd>CHRG</Cd><SubFmlyCd>OTHR</SubFmlyCd></Fmly></Domn></BkTxCd><NtryDtls><TxDtls><Refs><EndToEndId>E2E-4879b8a1-810c-4cf2-a2a4-739ab907d727</EndToEndId><TxId>TX-00df1a53-55b1-412f-87a3-812cf086a8fa</TxId><UETR>84c0a2b2-30b6-4252-bada-398534f7e0ea</UETR></Refs><RmtInf><Ustrd>Wire processing fee</Ustrd></RmtInf></TxDtls></NtryDtls></Ntry><Ntry><Amt Ccy="USD">3105.62</Amt><CdtDbtInd>DBIT</CdtDbtInd><Sts>BOOK</Sts><BookgDt><Dt>2025-08-19</Dt></BookgDt><ValDt><Dt>2025-08-19</Dt></ValDt><BkTxCd><Domn><Cd>PMNT</Cd><Fmly><Cd>ICDT</Cd><SubFmlyCd>XCRT</SubFmlyCd></Fmly></Domn></BkTxCd><NtryDtls><TxDtls><Refs><EndToEndId>E2E-be7db20f-df73-498e-8045-b29956d71fb0</EndToEndId><TxId>TX-bad8e90c-bef6-4205-b18d-b3e4f0bdcf84</TxId><UETR>cac40c08-e1c2-4aa1-9dc6-5e92dbf7a358</UETR></Refs><RltdPties><Cdtr><Nm>Initech Ltd</Nm></Cdtr><CdtrAcct><Id><IBAN>NL9951371217926187137795</IBAN></Id></CdtrAcct><Dbtr><Nm>Blue Sun Corp</Nm></Dbtr><DbtrAcct><Id><IBAN>PT9996835744489574818218</IBAN></Id></DbtrAcct></RltdPties><RltdAgts><CdtrAgt><FinInstnId><BICFI>CITIUS3A</BICFI></FinInstnId></CdtrAgt><DbtrAgt><FinInstnId><BICFI>BNPAES2X</BICFI></FinInstnId></DbtrAgt></RltdAgts><RmtInf><Ustrd>INV 79828</Ustrd></RmtInf></TxDtls></NtryDtls></Ntry><Ntry><Amt Ccy="USD">3838.45</Amt><CdtDbtInd>DBIT</CdtDbtInd><Sts>BOOK</Sts><BookgDt><Dt>2025-08-19</Dt></BookgDt><ValDt><Dt>2025-08-19</Dt></ValDt><BkTxCd><Domn><Cd>PMNT</Cd><Fmly><Cd>ICDT</Cd><SubFmlyCd>XCRT</SubFmlyCd></Fmly></Domn></BkTxCd><NtryDtls><TxDtls><Refs><EndToEndId>E2E-2d24f513-71ec-4a80-8d9e-21b34d25f623</EndToEndId><TxId>TX-b46836a1-fe8c-4a33-807f-cd4f6222913e</TxId><UETR>b4a6e8f9-95e0-4a8f-968a-c67361575eeb</UETR></Refs><RltdPties><Cdtr><Nm>Wayne Enterprises</Nm></Cdtr><CdtrAcct><Id><IBAN>NL9926547606614756725342</IBAN></Id></CdtrAcct><Dbtr><Nm>Cyberdyne Systems</Nm></Dbtr><DbtrAcct><Id><IBAN>IT9995505000472037586477</IBAN></Id></DbtrAcct></RltdPties><RltdAgts><CdtrAgt><FinInstnId><BICFI>CHASNL3A</BICFI></FinInstnId></CdtrAgt><DbtrAgt><FinInstnId><BICFI>CHASGB2X</BICFI></FinInstnId></DbtrAgt></RltdAgts><RmtInf><Ustrd>Vendor settlement</Ustrd></RmtInf></TxDtls></NtryDtls></Ntry><Ntry><Amt Ccy="USD">5.00</Amt><CdtDbtInd>DBIT</CdtDbtInd><Sts>BOOK</Sts><BookgDt><Dt>2025-08-19</Dt></BookgDt><ValDt><Dt>2025-08-19</Dt></ValDt><BkTxCd><Domn><Cd>CHRG</Cd><Fmly><Cd>CHRG</Cd><SubFmlyCd>OTHR</SubFmlyCd></Fmly></Domn></BkTxCd><NtryDtls><TxDtls><Refs><EndToEndId>E2E-e94f0289-bda8-4f57-809d-7355ee45fca0</EndToEndId><TxId>TX-bd1bfde7-1063-47f2-a43e-dcd8117f69a8</TxId><UETR>9445b374-1242-44ba-8628-5c485e4853a7</UETR></Refs><RmtInf><Ustrd>Wire processing fee</Ustrd></RmtInf></TxDtls></NtryDtls></Ntry><Ntry><Amt Ccy="USD">4826.75</Amt><CdtDbtInd>DBIT</CdtDbtInd><Sts>BOOK</Sts><BookgDt><Dt>2025-08-19</Dt></BookgDt><ValDt><Dt>2025-08-19</Dt></ValDt><BkTxCd><Domn><Cd>PMNT</Cd><Fmly><Cd>ICDT</Cd><SubFmlyCd>XCRT</SubFmlyCd></Fmly></Domn></BkTxCd><NtryDtls><TxDtls><Refs><EndToEndId>E2E-f55ba436-03a2-4797-8921-655976046b81</EndToEndId><TxId>TX-e7736dd2-370f-4a5d-8031-03305dd2e8d6</TxId><UETR>b8a837f8-9774-40ee-bbe2-62ab1d677d00</UETR></Refs><RltdPties><Cdtr><Nm>Globex Corp</Nm></Cdtr><CdtrAcct><Id><IBAN>DE9998550749193628828555</IBAN></Id></CdtrAcct><Dbtr><Nm>Cyberdyne Systems</Nm></Dbtr><DbtrAcct><Id><IBAN>FR9933085554311453088057</IBAN></Id></DbtrAcct></RltdPties><RltdAgts><CdtrAgt><FinInstnId><BICFI>DEUTFR3A</BICFI></FinInstnId></CdtrAgt><DbtrAgt><FinInstnId><BICFI>BARCUS4B</BICFI></FinInstnId></DbtrAgt></RltdAgts><RmtInf><Ustrd>Payroll batch</Ustrd></RmtInf></TxDtls></NtryDtls></Ntry><Ntry><Amt Ccy="USD">10.73</Amt><CdtDbtInd>DBIT</CdtDbtInd><Sts>BOOK</Sts><BookgDt><Dt>2025-08-19</Dt></BookgDt><ValDt><Dt>2025-08-19</Dt></ValDt><BkTxCd><Domn><Cd>CHRG</Cd><Fmly><Cd>CHRG</Cd><SubFmlyCd>OTHR</SubFmlyCd></Fmly></Domn></BkTxCd><NtryDtls><TxDtls><Refs><EndToEndId>E2E-e507f533-1840-45f2-af29-235d3150fc43</EndToEndId><TxId>TX-61b74d5e-4346-43fa-970d-acc0627f955d</TxId><UETR>69c62884-08a6-4764-bebd-fe3f6aa5c693</UETR></Refs><RmtInf><Ustrd>Wire processing fee</Ustrd></RmtInf></TxDtls></NtryDtls></Ntry><Ntry><Amt Ccy="USD">3437.70</Amt><CdtDbtInd>DBIT</CdtDbtInd><Sts>BOOK</Sts><BookgDt><Dt>2025-08-19</Dt></BookgDt><ValDt><Dt>2025-08-19</Dt></ValDt><BkTxCd><Domn><Cd>PMNT</Cd><Fmly><Cd>ICDT</Cd><SubFmlyCd>XCRT</SubFmlyCd></Fmly></Domn></BkTxCd><NtryDtls><TxDtls><Refs><EndToEndId>E2E-0ec496f5-6c04-46be-bf5e-d5d226b69ff8</EndToEndId><TxId>TX-fc374c08-08ed-4a09-b2f7-ff9f0b217495</TxId><UETR>ec35cdec-be27-44bc-8279-b4ae45799877</UETR></Refs><RltdPties><Cdtr><Nm>Vandelay Imports</Nm></Cdtr><CdtrAcct><Id><IBAN>ES9943779391695597707465</IBAN></Id></CdtrAcct><Dbtr><Nm>Wonka Industries</Nm></Dbtr><DbtrAcct><Id><IBAN>DE9951734660412167685584</IBAN></Id></DbtrAcct></RltdPties><RltdAgts><CdtrAgt><FinInstnId><BICFI>DEUTNL6D</BICFI></FinInstnId></CdtrAgt><DbtrAgt><FinInstnId><BICFI>WFBKNL2X</BICFI></FinInstnId></DbtrAgt></RltdAgts><RmtInf><Ustrd>Vendor settlement</Ustrd></RmtInf></TxDtls></NtryDtls></Ntry><Ntry><Amt Ccy="USD">17886.29</Amt><CdtDbtInd>CRDT</CdtDbtInd><Sts>BOOK</Sts><BookgDt><Dt>2025-08-19</Dt></BookgDt><ValDt><Dt>2025-08-19</Dt></ValDt><BkTxCd><Domn><Cd>PMNT</Cd><Fmly><Cd>RCDT</Cd><SubFmlyCd>XCRT</SubFmlyCd></Fmly></Domn></BkTxCd><NtryDtls><TxDtls><Refs><EndToEndId>E2E-80c28b95-0a9d-40fd-bccb-bffc07aabb38</EndToEndId><TxId>TX-b250b469-57ac-4d55-945b-436b28d40065</TxId><UETR>1d332550-7011-4882-b15f-9b00eac806a8</UETR></Refs><RltdPties><Cdtr><Nm>Vandelay Imports</Nm></Cdtr><CdtrAcct><Id><IBAN>IT9996210569160904908791</IBAN></Id></CdtrAcct><Dbtr><Nm>Pied Piper LLC</Nm></Dbtr><DbtrAcct><Id><IBAN>FR9934212301074894554633</IBAN></Id></DbtrAcct></RltdPties><RltdAgts><CdtrAgt><FinInstnId><BICFI>BARCGB6D</BICFI></FinInstnId></CdtrAgt><DbtrAgt><FinInstnId><BICFI>HSBCNL5C</BICFI></FinInstnId></DbtrAgt></RltdAgts><RmtInf><Ustrd>Vendor settlement</Ustrd></RmtInf></TxDtls></NtryDtls></Ntry><Ntry><Amt Ccy="USD">9797.27</Amt><CdtDbtInd>CRDT</CdtDbtInd><Sts>BOOK</Sts><BookgDt><Dt>2025-08-19</Dt></BookgDt><ValDt><Dt>2025-08-19</Dt></ValDt><BkTxCd><Domn><Cd>PMNT</Cd><Fmly><Cd>RCDT</Cd><SubFmlyCd>XCRT</SubFmlyCd></Fmly></Domn></BkTxCd><NtryDtls><TxDtls><Refs><EndToEndId>E2E-2b98dcb2-13ef-4387-a17e-e398b339b6e7</EndToEndId><TxId>TX-7eed64a4-7fc6-41cc-beb8-24b0836de5b4</TxId><UETR>6003a533-dca5-4cf3-8076-45bb01fc5517</UETR></Refs><RltdPties><Cdtr><Nm>Globex Corp</Nm></Cdtr><CdtrAcct><Id><IBAN>IT9908580885778382349543</IBAN></Id></CdtrAcct><Dbtr><Nm>Blue Sun Corp</Nm></Dbtr><DbtrAcct><Id><IBAN>IE9909728359322788669471</IBAN></Id></DbtrAcct></RltdPties><RltdAgts><CdtrAgt><FinInstnId><BICFI>NATAUS3A</BICFI></FinInstnId></CdtrAgt><DbtrAgt><FinInstnId><BICFI>BOFANL3A</BICFI></FinInstnId></DbtrAgt></RltdAgts><RmtInf><Ustrd>Payroll batch</Ustrd></RmtInf></TxDtls></NtryDtls></Ntry><Ntry><Amt Ccy="USD">21.56</Amt><CdtDbtInd>DBIT</CdtDbtInd><Sts>BOOK</Sts><BookgDt><Dt>2025-08-19</Dt></BookgDt><ValDt><Dt>2025-08-19</Dt></ValDt><BkTxCd><Domn><Cd>CHRG</Cd><Fmly><Cd>CHRG</Cd><SubFmlyCd>OTHR</SubFmlyCd></Fmly></Domn></BkTxCd><NtryDtls><TxDtls><Refs><EndToEndId>E2E-cfc78172-9d95-4b07-a3b9-0614e20a0060</EndToEndId><TxId>TX-aaf12bab-6a29-4978-8009-08ad34b15024</TxId><UETR>42e3aabb-98d7-495b-8742-3661ab5fe7e8</UETR></Refs><RmtInf><Ustrd>Wire processing fee</Ustrd></RmtInf></TxDtls></NtryDtls></Ntry><Ntry><Amt Ccy="USD">4973.41</Amt><CdtDbtInd>CRDT</CdtDbtInd><Sts>BOOK</Sts><BookgDt><Dt>2025-08-19</Dt></BookgDt><ValDt><Dt>2025-08-19</Dt></ValDt><BkTxCd><Domn><Cd>PMNT</Cd><Fmly><Cd>RCDT</Cd><SubFmlyCd>DMCT</SubFmlyCd></Fmly></Domn></BkTxCd><NtryDtls><TxDtls><Refs><EndToEndId>E2E-5a66ffe6-c1db-49bd-a10d-7c97dbe83958</EndToEndId><TxId>TX-98f898e2-0778-4726-aace-6a02581542df</TxId><UETR>d2bf9614-5da0-47f5-b5cd-7be619a5afad</UETR></Refs><RltdPties><Cdtr><Nm>Wayne Enterprises</Nm></Cdtr><CdtrAcct><Id><IBAN>PT9953361979847751952872</IBAN></Id></CdtrAcct><Dbtr><Nm>Tyrell Corporation</Nm></Dbtr><DbtrAcct><Id><IBAN>GB9940233455542882636728</IBAN></Id></DbtrAcct></RltdPties><RltdAgts><CdtrAgt><FinInstnId><BICFI>CHASFR5C</BICFI></FinInstnId></CdtrAgt><DbtrAgt><FinInstnId><BICFI>NATAUS4B</BICFI></FinInstnId></DbtrAgt></RltdAgts><RmtInf><Ustrd>Vendor settlement</Ustrd></RmtInf></TxDtls></NtryDtls></Ntry><Ntry><Amt Ccy="USD">9076.92</Amt><CdtDbtInd>DBIT</CdtDbtInd><Sts>BOOK</Sts><BookgDt><Dt>2025-08-19</Dt></BookgDt><ValDt><Dt>2025-08-19</Dt></ValDt><BkTxCd><Domn><Cd>PMNT</Cd><Fmly><Cd>ICDT</Cd><SubFmlyCd>DMCT</SubFmlyCd></Fmly></Domn></BkTxCd><NtryDtls><TxDtls><Refs><EndToEndId>E2E-fc48d608-679d-4302-99a4-5f94c169960d</EndToEndId><TxId>TX-b85a4a2a-2c37-4db3-b63b-57a28c12eed7</TxId><UETR>c3cd1436-bde3-41c0-8fe4-eae11eb29514</UETR></Refs><RltdPties><Cdtr><Nm>Globex Corp</Nm></Cdtr><CdtrAcct><Id><IBAN>ES9934138790804465363821</IBAN></Id></CdtrAcct><Dbtr><Nm>Cyberdyne Systems</Nm></Dbtr><DbtrAcct><Id><IBAN>AT9997360252799910148633</IBAN></Id></DbtrAcct></RltdPties><RltdAgts><CdtrAgt><FinInstnId><BICFI>BNPAFR3A</BICFI></FinInstnId></CdtrAgt><DbtrAgt><FinInstnId><BICFI>CITIDE6D</BICFI></FinInstnId></DbtrAgt></RltdAgts><RmtInf><Ustrd>Wire payment</Ustrd></RmtInf></TxDtls></NtryDtls></Ntry><Ntry><Amt Ccy="USD">11244.24</Amt><CdtDbtInd>CRDT</CdtDbtInd><Sts>BOOK</Sts><BookgDt><Dt>2025-08-19</Dt></BookgDt><ValDt><Dt>2025-08-19</Dt></ValDt><BkTxCd><Domn><Cd>PMNT</Cd><Fmly><Cd>RCDT</Cd><SubFmlyCd>XCRT</SubFmlyCd></Fmly></Domn></BkTxCd><NtryDtls><TxDtls><Refs><EndToEndId>E2E-98af34ea-3d2b-42f0-8266-c4057a64d837</EndToEndId><TxId>TX-9e8017a6-e6dd-429d-8a9d-602384011d92</TxId><UETR>0a10fe5d-fd45-4467-a7ce-9ad8442e0b80</UETR></Refs><RltdPties><Cdtr><Nm>Wayne Enterprises</Nm></Cdtr><CdtrAcct><Id><IBAN>BE9959376932722296773554</IBAN></Id></CdtrAcct><Dbtr><Nm>Tyrell Corporation</Nm></Dbtr><DbtrAcct><Id><IBAN>GB9931042240176949378538</IBAN></Id></DbtrAcct></RltdPties><RltdAgts><CdtrAgt><FinInstnId><BICFI>SOGEES2L</BICFI></FinInstnId></CdtrAgt><DbtrAgt><FinInstnId><BICFI>NATANL3A</BICFI></FinInstnId></DbtrAgt></RltdAgts><RmtInf><Ustrd>Vendor settlement</Ustrd></RmtInf></TxDtls></NtryDtls></Ntry><Ntry><Amt Ccy="USD">19883.43</Amt><CdtDbtInd>DBIT</CdtDbtInd><Sts>BOOK</Sts><BookgDt><Dt>2025-08-19</Dt></BookgDt><ValDt><Dt>2025-08-19</Dt></ValDt><BkTxCd><Domn><Cd>PMNT</Cd><Fmly><Cd>ICDT</Cd><SubFmlyCd>DMCT</SubFmlyCd></Fmly></Domn></BkTxCd><NtryDtls><TxDtls><Refs><EndToEndId>E2E-e478887c-21d2-4e0f-ac97-82c64b72d69d</EndToEndId><TxId>TX-6e07528b-b20e-41df-bac6-60bb084dc5b3</TxId><UETR>3c41cd43-75e2-4caf-a5fa-b792e2138c82</UETR></Refs><RltdPties><Cdtr><Nm>Vandelay Imports</Nm></Cdtr><CdtrAcct><Id><IBAN>FR9961674238859739809736</IBAN></Id></CdtrAcct><Dbtr><Nm>Tyrell Corporation</Nm></Dbtr><DbtrAcct><Id><IBAN>NL9944612882217154753305</IBAN></Id></DbtrAcct></RltdPties><RltdAgts><CdtrAgt><FinInstnId><BICFI>BARCES2X</BICFI></FinInstnId></CdtrAgt><DbtrAgt><FinInstnId><BICFI>WFBKES5C</BICFI></FinInstnId></DbtrAgt></RltdAgts><RmtInf><Ustrd>Wire payment</Ustrd></RmtInf></TxDtls></NtryDtls></Ntry><Ntry><Amt Ccy="USD">45.00</Amt><CdtDbtInd>DBIT</CdtDbtInd><Sts>BOOK</Sts><BookgDt><Dt>2025-08-19</Dt></BookgDt><ValDt><Dt>2025-08-19</Dt></ValDt><BkTxCd><Domn><Cd>CHRG</Cd><Fmly><Cd>CHRG</Cd><SubFmlyCd>OTHR</SubFmlyCd></Fmly></Domn></BkTxCd><NtryDtls><TxDtls><Refs><EndToEndId>E2E-14efea01-ca15-4e97-aa92-ce1e1c28948b</EndToEndId><TxId>TX-5eaf38db-7fd9-48d4-8223-88642703cb2d</TxId><UETR>b7cbd3a8-a2ae-4b74-9d34-13d87c729c1f</UETR></Refs><RmtInf><Ustrd>Wire processing fee</Ustrd></RmtInf></TxDtls></NtryDtls></Ntry><Bal><Tp><CdOrPrtry><Cd>CLBD</Cd></CdOrPrtry></Tp><Amt Ccy="USD">166409.86</Amt><CdtDbtInd>CRDT</CdtDbtInd><Dt><Dt>2025-08-20</Dt></Dt></Bal><AddtlStmtInf>All entries represent wire transactions (domestic/cross-border). Fees modeled mixed (separate CHRG entries or netted).</AddtlStmtInf></Stmt></BkToCstmrStmt></Document>