<?xml version='1.0' encoding='utf-8'?>
<Document xmlns="urn:iso:std:iso:20022:tech:xsd:camt.053.001.08"><BkToCstmrStmt><GrpHdr><MsgId>MSG-247f6195-ce28-4299-82f5-0fe0feb5b2b6</MsgId><CreDtTm>2025-09-11T17:04:58Z</CreDtTm></GrpHdr><Stmt><Id>WIRE-STAT-20250813-01</Id><ElctrncSeqNb>1</ElctrncSeqNb><LglSeqNb>1</LglSeqNb><CreDtTm>2025-09-11T17:04:58Z</CreDtTm><Acct><Id><IBAN>IE9935446867198747194833</IBAN></Id><Ownr><Nm>Cole Lane Group LLC</Nm></Ownr><Svcr><FinInstnId><BICFI>DEUTUS2L</BICFI></FinInstnId></Svcr></Acct><AcctSvcr>CHASIE2X</AcctSvcr><FrToDt><Fr>2025-08-13</Fr><To>2025-08-14</To></FrToDt><Bal><Tp><CdOrPrtry><Cd>OPBD</Cd></CdOrPrtry></Tp><Amt Ccy="USD">131542.87</Amt><CdtDbtInd>CRDT</CdtDbtInd><Dt><Dt>2025-08-13</Dt></Dt></Bal><Ntry><Amt Ccy="USD">11061.81</Amt><CdtDbtInd>DBIT</CdtDbtInd><Sts>BOOK</Sts><BookgDt><Dt>2025-08-13</Dt></BookgDt><ValDt><Dt>2025-08-13</Dt></ValDt><BkTxCd><Domn><Cd>PMNT</Cd><Fmly><Cd>ICDT</Cd><SubFmlyCd>DMCT</SubFmlyCd></Fmly></Domn></BkTxCd><NtryDtls><TxDtls><Refs><EndToEndId>E2E-3584fb49-0997-47de-a7cb-772521cc15b1</EndToEndId><TxId>TX-43963fb8-4094-478c-80e3-7b30fbf22470</TxId><UETR>1c73a87b-0eed-4ff4-9a1b-d7759ff94c5a</UETR></Refs><RltdPties><Cdtr><Nm>Vandelay Imports</Nm></Cdtr><CdtrAcct><Id><IBAN>BE9957954528647520931461</IBAN></Id></CdtrAcct><Dbtr><Nm>Blue Sun Corp</Nm></Dbtr><DbtrAcct><Id><IBAN>BE9963997401609651199349</IBAN></Id></DbtrAcct></RltdPties><RltdAgts><CdtrAgt><FinInstnId><BICFI>CHASDE6D</BICFI></FinInstnId></CdtrAgt><DbtrAgt><FinInstnId><BICFI>DEUTIE2X</BICFI></FinInstnId></DbtrAgt></RltdAgts><RmtInf><Ustrd>INV 41398</Ustrd></RmtInf></TxDtls></NtryDtls></Ntry><Ntry><Amt Ccy="USD">13.58</Amt><CdtDbtInd>DBIT</CdtDbtInd><Sts>BOOK</Sts><BookgDt><Dt>2025-08-13</Dt></BookgDt><ValDt><Dt>2025-08-13</Dt></ValDt><BkTxCd><Domn><Cd>CHRG</Cd><Fmly><Cd>CHRG</Cd><SubFmlyCd>OTHR</SubFmlyCd></Fmly></Domn></BkTxCd><NtryDtls><TxDtls><Refs><EndToEndId>E2E-1d7477c0-a069-4859-8585-5752cfca60b0</EndToEndId><TxId>TX-f5335716-e2ac-47e3-8ecb-560e19fa316d</TxId><UETR>2b7213fe-2564-41db-9c33-c79f916843d7</UETR></Refs><RmtInf><Ustrd>Wire processing fee</Ustrd></RmtInf></TxDtls></NtryDtls></Ntry><Ntry><Amt Ccy="USD">6715.51</Amt><CdtDbtInd>DBIT</CdtDbtInd><Sts>BOOK</Sts><BookgDt><Dt>2025-08-13</Dt></BookgDt><ValDt><Dt>2025-08-13</Dt></ValDt><BkTxCd><Domn><Cd>PMNT</Cd><Fmly><Cd>ICDT</Cd><SubFmlyCd>DMCT</SubFmlyCd></Fmly></Domn></BkTxCd><NtryDtls><TxDtls><Refs><EndToEndId>E2E-00699c5a-c191-47b3-9039-f694f626cea2</EndToEndId><TxId>TX-a8e5cb4c-ef4c-45d3-bece-de1c24e59c52</TxId><UETR>13c5555c-4a2a-4f37-be67-53b81ceff2bf</UETR></Refs><RltdPties><Cdtr><Nm>Stark Industries</Nm></Cdtr><CdtrAcct><Id><IBAN>NL9952546670474916696691</IBAN></Id></CdtrAcct><Dbtr><Nm>Blue Sun Corp</Nm></Dbtr><DbtrAcct><Id><IBAN>IE9905098702527154147392</IBAN></Id></DbtrAcct></RltdPties><RltdAgts><CdtrAgt><FinInstnId><BICFI>SOGEDE2X</BICFI></FinInstnId></CdtrAgt><DbtrAgt><FinInstnId><BICFI>BOFAUS3A</BICFI></FinInstnId></DbtrAgt></RltdAgts><RmtInf><Ustrd>Refund</Ustrd></RmtInf></TxDtls></NtryDtls></Ntry><Ntry><Amt Ccy="USD">9.61</Amt><CdtDbtInd>DBIT</CdtDbtInd><Sts>BOOK</Sts><BookgDt><Dt>2025-08-13</Dt></BookgDt><ValDt><Dt>2025-08-13</Dt></ValDt><BkTxCd><Domn><Cd>CHRG</Cd><Fmly><Cd>CHRG</Cd><SubFmlyCd>OTHR</SubFmlyCd></Fmly></Domn></BkTxCd><NtryDtls><TxDtls><Refs><EndToEndId>E2E-dbd45258-00a7-4d23-8517-acd10c406870</EndToEndId><TxId>TX-2a70e152-8714-430a-bfc3-96d7f00bfdad</TxId><UETR>341c142d-e25d-4140-bbe0-4a3c9083e3ac</UETR></Refs><RmtInf><Ustrd>Wire processing fee</Ustrd></RmtInf></TxDtls></NtryDtls></Ntry><Ntry><Amt Ccy="USD">16038.41</Amt><CdtDbtInd>CRDT</CdtDbtInd><Sts>BOOK</Sts><BookgDt><Dt>2025-08-13</Dt></BookgDt><ValDt><Dt>2025-08-13</Dt></ValDt><BkTxCd><Domn><Cd>PMNT</Cd><Fmly><Cd>RCDT</Cd><SubFmlyCd>XCRT</SubFmlyCd></Fmly></Domn></BkTxCd><NtryDtls><TxDtls><Refs><EndToEndId>E2E-63454312-0a73-402c-8ed2-1b758e495dbd</EndToEndId><TxId>TX-b34cfb49-80f9-4f59-b8c0-5d1a34ef2624</TxId><UETR>bf15b741-9f33-431f-89a6-99b37d1dd1cd</UETR></Refs><RltdPties><Cdtr><Nm>Umbrella Co</Nm></Cdtr><CdtrAcct><Id><IBAN>FR9944770626932211146235</IBAN></Id></CdtrAcct><Dbtr><Nm>Tyrell Corporation</Nm></Dbtr><DbtrAcct><Id><IBAN>BE9930523140313018638551</IBAN></Id></DbtrAcct></RltdPties><RltdAgts><CdtrAgt><FinInstnId><BICFI>BOFAFR4B</BICFI></FinInstnId></CdtrAgt><DbtrAgt><FinInstnId><BICFI>DEUTIE5C</BICFI></FinInstnId></DbtrAgt></RltdAgts><RmtInf><Ustrd>Vendor settlement</Ustrd></RmtInf></TxDtls></NtryDtls></Ntry><Ntry><Amt Ccy="USD">33.55</Amt><CdtDbtInd>DBIT</CdtDbtInd><Sts>BOOK</Sts><BookgDt><Dt>2025-08-13</Dt></BookgDt><ValDt><Dt>2025-08-13</Dt></ValDt><BkTxCd><Domn><Cd>CHRG</Cd><Fmly><Cd>CHRG</Cd><SubFmlyCd>OTHR</SubFmlyCd></Fmly></Domn></BkTxCd><NtryDtls><TxDtls><Refs><EndToEndId>E2E-4137e9da-0dd4-4762-9ff3-899b78a6e554</EndToEndId><TxId>TX-49d67f6a-20d6-4fbe-a566-f21784691258</TxId><UETR>ceb25084-d804-4fd3-a449-0e0f424eadad</UETR></Refs><RmtInf><Ustrd>Wire processing fee</Ustrd></RmtInf></TxDtls></NtryDtls></Ntry><Ntry><Amt Ccy="USD">3942.61</Amt><CdtDbtInd>CRDT</CdtDbtInd><Sts>BOOK</Sts><BookgDt><Dt>2025-08-13</Dt></BookgDt><ValDt><Dt>2025-08-13</Dt></ValDt><BkTxCd><Domn><Cd>PMNT</Cd><Fmly><Cd>RCDT</Cd><SubFmlyCd>XCRT</SubFmlyCd></Fmly></Domn></BkTxCd><NtryDtls><TxDtls><Refs><EndToEndId>E2E-e83d4c42-5ff5-4953-b171-5deee02591ea</EndToEndId><TxId>TX-34ad3232-abd1-47e8-ae93-db668ce3127b</TxId><UETR>5841b0f5-ef7c-47c1-bf7c-9127c5ee0ae7</UETR></Refs><RltdPties><Cdtr><Nm>Vandelay Imports</Nm></Cdtr><CdtrAcct><Id><IBAN>IT9917929517632713400926</IBAN></Id></CdtrAcct><Dbtr><Nm>Aperture Science</Nm></Dbtr><DbtrAcct><Id><IBAN>ES9988884632076912397565</IBAN></Id></DbtrAcct></RltdPties><RltdAgts><CdtrAgt><FinInstnId><BICFI>SOGEIE2L</BICFI></FinInstnId></CdtrAgt><DbtrAgt><FinInstnId><BICFI>BARCNL2X</BICFI></FinInstnId></DbtrAgt></RltdAgts><RmtInf><Ustrd>Refund</Ustrd></RmtInf></TxDtls></NtryDtls></Ntry><Ntry><Amt Ccy="USD">6.78</Amt><CdtDbtInd>DBIT</CdtDbtInd><Sts>BOOK</Sts><BookgDt><Dt>2025-08-13</Dt></BookgDt><ValDt><Dt>2025-08-13</Dt></ValDt><BkTxCd><Domn><Cd>CHRG</Cd><Fmly><Cd>CHRG</Cd><SubFmlyCd>OTHR</SubFmlyCd></Fmly></Domn></BkTxCd><NtryDtls><TxDtls><Refs><EndToEndId>E2E-5c4ce7c0-5b7f-4d41-a83f-b918462f0251</EndToEndId><TxId>TX-41e09bef-56bc-4a6e-8c8d-13ba420aa781</TxId><UETR>4463a828-ff2e-4381-9f02-0ddaf1a134ec</UETR></Refs><RmtInf><Ustrd>Wire processing fee</Ustrd></RmtInf></TxDtls></NtryDtls></Ntry><Ntry><Amt Ccy="USD">14808.54</Amt><CdtDbtInd>DBIT</CdtDbtInd><Sts>BOOK</Sts><BookgDt><Dt>2025-08-13</Dt></BookgDt><ValDt><Dt>2025-08-13</Dt></ValDt><BkTxCd><Domn><Cd>PMNT</Cd><Fmly><Cd>ICDT</Cd><SubFmlyCd>XCRT</SubFmlyCd></Fmly></Domn></BkTxCd><NtryDtls><TxDtls><Refs><EndToEndId>E2E-174c7e41-7eba-4410-9af2-7b2c08a63419</EndToEndId><TxId>TX-22909a04-1fb7-47d3-80ff-a5340e4c276b</TxId><UETR>aa101aff-a478-4571-b6a6-f96fc6f460e7</UETR></Refs><RltdPties><Cdtr><Nm>Vandelay Imports</Nm></Cdtr><CdtrAcct><Id><IBAN>AT9999131301697946059186</IBAN></Id></CdtrAcct><Dbtr><Nm>Pied Piper LLC</Nm></Dbtr><DbtrAcct><Id><IBAN>ES9948836293955184440239</IBAN></Id></DbtrAcct></RltdPties><RltdAgts><CdtrAgt><FinInstnId><BICFI>NATAIE2X</BICFI></FinInstnId></CdtrAgt><DbtrAgt><FinInstnId><BICFI>SOGENL2X</BICFI></FinInstnId></DbtrAgt></RltdAgts><RmtInf><Ustrd>Vendor settlement</Ustrd></RmtInf></TxDtls></NtryDtls></Ntry><Ntry><Amt Ccy="USD">2614.06</Amt><CdtDbtInd>DBIT</CdtDbtInd><Sts>BOOK</Sts><BookgDt><Dt>2025-08-13</Dt></BookgDt><ValDt><Dt>2025-08-13</Dt></ValDt><BkTxCd><Domn><Cd>PMNT</Cd><Fmly><Cd>ICDT</Cd><SubFmlyCd>XCRT</SubFmlyCd></Fmly></Domn></BkTxCd><NtryDtls><TxDtls><Refs><EndToEndId>E2E-098f3e8f-03bf-4dd9-8313-be4ff0dee1c9</EndToEndId><TxId>TX-d1b71b86-2e74-4982-b099-6b57ddc3ac3b</TxId><UETR>dd1fd6eb-e997-4ff1-86cc-fadf4b52a835</UETR></Refs><RltdPties><Cdtr><Nm>Umbrella Co</Nm></Cdtr><CdtrAcct><Id><IBAN>PT9910684446169842917800</IBAN></Id></CdtrAcct><Dbtr><Nm>Aperture Science</Nm></Dbtr><DbtrAcct><Id><IBAN>IE9979355753829285324504</IBAN></Id></DbtrAcct></RltdPties><RltdAgts><CdtrAgt><FinInstnId><BICFI>BARCES2X</BICFI></FinInstnId></CdtrAgt><DbtrAgt><FinInstnId><BICFI>WFBKFR5C</BICFI></FinInstnId></DbtrAgt></RltdAgts><RmtInf><Ustrd>FX wire</Ustrd></RmtInf></TxDtls></NtryDtls></Ntry><Ntry><Amt Ccy="USD">17638.03</Amt><CdtDbtInd>CRDT</CdtDbtInd><Sts>BOOK</Sts><BookgDt><Dt>2025-08-13</Dt></BookgDt><ValDt><Dt>2025-08-13</Dt></ValDt><BkTxCd><Domn><Cd>PMNT</Cd><Fmly><Cd>RCDT</Cd><SubFmlyCd>DMCT</SubFmlyCd></Fmly></Domn></BkTxCd><NtryDtls><TxDtls><Refs><EndToEndId>E2E-b6c466a7-194f-41f6-9657-f7143a7d5365</EndToEndId><TxId>TX-cc2250ab-d3f9-4cf0-8100-65d94a279810</TxId><UETR>7f819f93-33e1-4577-bf30-ba7fa5c14e5a</UETR></Refs><RltdPties><Cdtr><Nm>Stark Industries</Nm></Cdtr><CdtrAcct><Id><IBAN>NL9994174594085506581124</IBAN></Id></CdtrAcct><Dbtr><Nm>Wonka Industries</Nm></Dbtr><DbtrAcct><Id><IBAN>ES9967826125020764084880</IBAN></Id></DbtrAcct></RltdPties><RltdAgts><CdtrAgt><FinInstnId><BICFI>WFBKUS2X</BICFI></FinInstnId></CdtrAgt><DbtrAgt><FinInstnId><BICFI>WFBKDE6D</BICFI></FinInstnId></DbtrAgt></RltdAgts><RmtInf><Ustrd>Refund</Ustrd></RmtInf></TxDtls></NtryDtls></Ntry><Ntry><Amt Ccy="USD">10.37</Amt><CdtDbtInd>DBIT</CdtDbtInd><Sts>BOOK</Sts><BookgDt><Dt>2025-08-13</Dt></BookgDt><ValDt><Dt>2025-08-13</Dt></ValDt><BkTxCd><Domn><Cd>CHRG</Cd><Fmly><Cd>CHRG</Cd><SubFmlyCd>OTHR</SubFmlyCd></Fmly></Domn></BkTxCd><NtryDtls><TxDtls><Refs><EndToEndId>E2E-a1ec195e-deb9-4be0-8b16-40f2f332b351</EndToEndId><TxId>TX-d1399e0d-807b-4835-bd1b-399908514613</TxId><UETR>5815d023-f50b-404b-837a-ae0560c44e9a</UETR></Refs><RmtInf><Ustrd>Wire processing fee</Ustrd></RmtInf></TxDtls></NtryDtls></Ntry><Ntry><Amt Ccy="USD">1348.35</Amt><CdtDbtInd>DBIT</CdtDbtInd><Sts>BOOK</Sts><BookgDt><Dt>2025-08-13</Dt></BookgDt><ValDt><Dt>2025-08-13</Dt></ValDt><BkTxCd><Domn><Cd>PMNT</Cd><Fmly><Cd>ICDT</Cd><SubFmlyCd>DMCT</SubFmlyCd></Fmly></Domn></BkTxCd><NtryDtls><TxDtls><Refs><EndToEndId>E2E-ccb61f5f-75d2-44e3-9ffb-06d8b5631b2d</EndToEndId><TxId>TX-80fefcc2-a401-48f9-bb43-44dd401a69a5</TxId><UETR>de00eb4d-4782-4272-8e0a-12f82eaa2089</UETR></Refs><RltdPties><Cdtr><Nm>Globex Corp</Nm></Cdtr><CdtrAcct><Id><IBAN>PT9910254322400887815726</IBAN></Id></CdtrAcct><Dbtr><Nm>Blue Sun Corp</Nm></Dbtr><DbtrAcct><Id><IBAN>GB9931351723338411853820</IBAN></Id></DbtrAcct></RltdPties><RltdAgts><CdtrAgt><FinInstnId><BICFI>CITIFR2L</BICFI></FinInstnId></CdtrAgt><DbtrAgt><FinInstnId><BICFI>HSBCUS4B</BICFI></FinInstnId></DbtrAgt></RltdAgts><RmtInf><Ustrd>Wire payment</Ustrd></RmtInf></TxDtls></NtryDtls></Ntry><Ntry><Amt Ccy="USD">12690.18</Amt><CdtDbtInd>CRDT</CdtDbtInd><Sts>BOOK</Sts><BookgDt><Dt>2025-08-13</Dt></BookgDt><ValDt><Dt>2025-08-13</Dt></ValDt><BkTxCd><Domn><Cd>PMNT</Cd><Fmly><Cd>RCDT</Cd><SubFmlyCd>DMCT</SubFmlyCd></Fmly></Domn></BkTxCd><NtryDtls><TxDtls><Refs><EndToEndId>E2E-31877c38-5300-404e-bb84-416cfc75f5b6</EndToEndId><TxId>TX-be55649e-3b2a-46b3-8857-6bb41e6772a2</TxId><UETR>83fc57a6-ec17-4d89-9816-faea1d14bfaf</UETR></Refs><RltdPties><Cdtr><Nm>Wayne Enterprises</Nm></Cdtr><CdtrAcct><Id><IBAN>IT9979100283074149285891</IBAN></Id></CdtrAcct><Dbtr><Nm>Pied Piper LLC</Nm></Dbtr><DbtrAcct><Id><IBAN>AT9967217152708839940001</IBAN></Id></DbtrAcct></RltdPties><RltdAgts><CdtrAgt><FinInstnId><BICFI>DEUTDE2L</BICFI></FinInstnId></CdtrAgt><DbtrAgt><FinInstnId><BICFI>NATAIE4B</BICFI></FinInstnId></DbtrAgt></RltdAgts><RmtInf><Ustrd>INV 77603</Ustrd></RmtInf></TxDtls></NtryDtls></Ntry><Ntry><Amt Ccy="USD">17.95</Amt><CdtDbtInd>DBIT</CdtDbtInd><Sts>BOOK</Sts><BookgDt><Dt>2025-08-13</Dt></BookgDt><ValDt><Dt>2025-08-13</Dt></ValDt><BkTxCd><Domn><Cd>CHRG</Cd><Fmly><Cd>CHRG</Cd><SubFmlyCd>OTHR</SubFmlyCd></Fmly></Domn></BkTxCd><NtryDtls><TxDtls><Refs><EndToEndId>E2E-e6a8008a-8f4d-45c7-80eb-39803b5a0ad2</EndToEndId><TxId>TX-f919f585-dad6-42f6-9fac-5ce710793282</TxId><UETR>87ed2d55-01a6-47aa-8f53-65793a22cfa8</UETR></Refs><RmtInf><Ustrd>Wire processing fee</Ustrd></RmtInf></TxDtls></NtryDtls></Ntry><Ntry><Amt Ccy="USD">303.12</Amt><CdtDbtInd>CRDT</CdtDbtInd><Sts>BOOK</Sts><BookgDt><Dt>2025-08-13</Dt></BookgDt><ValDt><Dt>2025-08-13</Dt></ValDt><BkTxCd><Domn><Cd>PMNT</Cd><Fmly><Cd>RCDT</Cd><SubFmlyCd>XCRT</SubFmlyCd></Fmly></Domn></BkTxCd><NtryDtls><TxDtls><Refs><EndToEndId>E2E-6e0a3c40-19e9-4676-94d2-10fb656c63e7</EndToEndId><TxId>TX-d08fd749-cb4b-40d2-9537-eccbcce14da4</TxId><UETR>2550931f-e6b3-4a5f-8c33-968c6dabef98</UETR></Refs><RltdPties><Cdtr><Nm>Globex Corp</Nm></Cdtr><CdtrAcct><Id><IBAN>AT9993996598662858953044</IBAN></Id></CdtrAcct><Dbtr><Nm>Pied Piper LLC</Nm></Dbtr><DbtrAcct><Id><IBAN>AT9990956575373011205082</IBAN></Id></DbtrAcct></RltdPties><RltdAgts><CdtrAgt><FinInstnId><BICFI>BNPAUS2L</BICFI></FinInstnId></CdtrAgt><DbtrAgt><FinInstnId><BICFI>BOFAUS2L</BICFI></FinInstnId></DbtrAgt></RltdAgts><RmtInf><Ustrd>INV 29087</Ustrd></RmtInf></TxDtls></NtryDtls></Ntry><Ntry><Amt Ccy="USD">1211.01</Amt><CdtDbtInd>CRDT</CdtDbtInd><Sts>BOOK</Sts><BookgDt><Dt>2025-08-13</Dt></BookgDt><ValDt><Dt>2025-08-13</Dt></ValDt><BkTxCd><Domn><Cd>PMNT</Cd><Fmly><Cd>RCDT</Cd><SubFmlyCd>DMCT</SubFmlyCd></Fmly></Domn></BkTxCd><NtryDtls><TxDtls><Refs><EndToEndId>E2E-31f3ad81-067b-480c-8f1a-e95ad3448c25</EndToEndId><TxId>TX-07f41042-9cde-45bb-b420-9ff4f69211d0</TxId><UETR>314cad01-b0cd-42b4-b141-7fee9a438053</UETR></Refs><RltdPties><Cdtr><Nm>Wayne Enterprises</Nm></Cdtr><CdtrAcct><Id><IBAN>FR9968308683200170300810</IBAN></Id></CdtrAcct><Dbtr><Nm>Wonka Industries</Nm></Dbtr><DbtrAcct><Id><IBAN>AT9980710741792589727827</IBAN></Id></DbtrAcct></RltdPties><RltdAgts><CdtrAgt><FinInstnId><BICFI>BNPAFR4B</BICFI></FinInstnId></CdtrAgt><DbtrAgt><FinInstnId><BICFI>RABOFR5C</BICFI></FinInstnId></DbtrAgt></RltdAgts><RmtInf><Ustrd>Refund</Ustrd></RmtInf></TxDtls></NtryDtls></Ntry><Ntry><Amt Ccy="USD">5.00</Amt><CdtDbtInd>DBIT</CdtDbtInd><Sts>BOOK</Sts><BookgDt><Dt>2025-08-13</Dt></BookgDt><ValDt><Dt>2025-08-13</Dt></ValDt><BkTxCd><Domn><Cd>CHRG</Cd><Fmly><Cd>CHRG</Cd><SubFmlyCd>OTHR</SubFmlyCd></Fmly></Domn></BkTxCd><NtryDtls><TxDtls><Refs><EndToEndId>E2E-7794433d-54f2-412a-839e-80af7ca39007</EndToEndId><TxId>TX-d25e4057-700d-4f6c-be59-d305b1cbc0ee</TxId><UETR>dd9420fa-2a5e-4824-ac1c-6777dbf81922</UETR></Refs><RmtInf><Ustrd>Wire processing fee</Ustrd></RmtInf></TxDtls></NtryDtls></Ntry><Ntry><Amt Ccy="USD">17413.13</Amt><CdtDbtInd>CRDT</CdtDbtInd><Sts>BOOK</Sts><BookgDt><Dt>2025-08-13</Dt></BookgDt><ValDt><Dt>2025-08-13</Dt></ValDt><BkTxCd><Domn><Cd>PMNT</Cd><Fmly><Cd>RCDT</Cd><SubFmlyCd>XCRT</SubFmlyCd></Fmly></Domn></BkTxCd><NtryDtls><TxDtls><Refs><EndToEndId>E2E-8b179558-6ffa-4dfa-bacc-4f3c7bc1f8b0</EndToEndId><TxId>TX-9e7ba545-2e65-4297-95c8-3411952b864b</TxId><UETR>09a32168-ab6a-4a4f-9429-367818fe8b2a</UETR></Refs><RltdPties><Cdtr><Nm>Wayne Enterprises</Nm></Cdtr><CdtrAcct><Id><IBAN>IT9956963528197844639461</IBAN></Id></CdtrAcct><Dbtr><Nm>Blue Sun Corp</Nm></Dbtr><DbtrAcct><Id><IBAN>PT9922889050465124624740</IBAN></Id></DbtrAcct></RltdPties><RltdAgts><CdtrAgt><FinInstnId><BICFI>HSBCFR4B</BICFI></FinInstnId></CdtrAgt><DbtrAgt><FinInstnId><BICFI>WFBKES4B</BICFI></FinInstnId></DbtrAgt></RltdAgts><RmtInf><Ustrd>Wire payment</Ustrd></RmtInf></TxDtls></NtryDtls></Ntry><Ntry><Amt Ccy="USD">16964.29</Amt><CdtDbtInd>CRDT</CdtDbtInd><Sts>BOOK</Sts><BookgDt><Dt>2025-08-13</Dt></BookgDt><ValDt><Dt>2025-08-13</Dt></ValDt><BkTxCd><Domn><Cd>PMNT</Cd><Fmly><Cd>RCDT</Cd><SubFmlyCd>XCRT</SubFmlyCd></Fmly></Domn></BkTxCd><NtryDtls><TxDtls><Refs><EndToEndId>E2E-f7ec9d2a-b531-443a-8bcb-339c94cb3ad2</EndToEndId><TxId>TX-c36006ab-c012-421b-87ce-3dd01f141af8</TxId><UETR>2f391da5-9f68-4601-8742-ec760e93d9e6</UETR></Refs><RltdPties><Cdtr><Nm>Globex Corp</Nm></Cdtr><CdtrAcct><Id><IBAN>DE9913439424717300068105</IBAN></Id></CdtrAcct><Dbtr><Nm>Blue Sun Corp</Nm></Dbtr><DbtrAcct><Id><IBAN>IT9990990205965725052859</IBAN></Id></DbtrAcct></RltdPties><RltdAgts><CdtrAgt><FinInstnId><BICFI>DEUTIE2L</BICFI></FinInstnId></CdtrAgt><DbtrAgt><FinInstnId><BICFI>CITIBE2X</BICFI></FinInstnId></DbtrAgt></RltdAgts><RmtInf><Ustrd>FX wire</Ustrd></RmtInf></TxDtls></NtryDtls></Ntry><Ntry><Amt Ccy="USD">9487.86</Amt><CdtDbtInd>DBIT</CdtDbtInd><Sts>BOOK</Sts><BookgDt><Dt>2025-08-13</Dt></BookgDt><ValDt><Dt>2025-08-13</Dt></ValDt><BkTxCd><Domn><Cd>PMNT</Cd><Fmly><Cd>ICDT</Cd><SubFmlyCd>DMCT</SubFmlyCd></Fmly></Domn></BkTxCd><NtryDtls><TxDtls><Refs><EndToEndId>E2E-a35324a8-2b21-457e-a1c5-6e724cda8b55</EndToEndId><TxId>TX-f698af98-04e5-4288-8614-d25919b71347</TxId><UETR>63f5027c-3b5b-489d-aa0a-99f52b7553bc</UETR></Refs><RltdPties><Cdtr><Nm>Umbrella Co</Nm></Cdtr><CdtrAcct><Id><IBAN>ES9995760276063317512661</IBAN></Id></CdtrAcct><Dbtr><Nm>Blue Sun Corp</Nm></Dbtr><DbtrAcct><Id><IBAN>IT9920697897703576038214</IBAN></Id></DbtrAcct></RltdPties><RltdAgts><CdtrAgt><FinInstnId><BICFI>DEUTGB6D</BICFI></FinInstnId></CdtrAgt><DbtrAgt><FinInstnId><BICFI>WFBKNL2X</BICFI></FinInstnId></DbtrAgt></RltdAgts><RmtInf><Ustrd>Payroll batch</Ustrd></RmtInf></TxDtls></NtryDtls></Ntry><Bal><Tp><CdOrPrtry><Cd>CLBD</Cd></CdOrPrtry></Tp><Amt Ccy="USD">171610.68</Amt><CdtDbtInd>CRDT</CdtDbtInd><Dt><Dt>2025-08-14</Dt></Dt></Bal><AddtlStmtInf>All entries represent wire transactions (domestic/cross-border). Fees modeled mixed (separate CHRG entries or netted).</AddtlStmtInf></Stmt></BkToCstmrStmt></Document>