<?xml version='1.0' encoding='utf-8'?>
<Document xmlns="urn:iso:std:iso:20022:tech:xsd:camt.053.001.08"><BkToCstmrStmt><GrpHdr><MsgId>MSG-d505af1d-009a-4317-99c2-72b707817a5c</MsgId><CreDtTm>2025-09-11T17:04:58Z</CreDtTm></GrpHdr><Stmt><Id>WIRE-STAT-20250816-04</Id><ElctrncSeqNb>4</ElctrncSeqNb><LglSeqNb>4</LglSeqNb><CreDtTm>2025-09-11T17:04:58Z</CreDtTm><Acct><Id><IBAN>NL9956174667564710730858</IBAN></Id><Ownr><Nm>North Coast Trading Co.</Nm></Ownr><Svcr><FinInstnId><BICFI>WFBKIE2X</BICFI></FinInstnId></Svcr></Acct><AcctSvcr>HSBCBE6D</AcctSvcr><FrToDt><Fr>2025-08-16</Fr><To>2025-08-17</To></FrToDt><Bal><Tp><CdOrPrtry><Cd>OPBD</Cd></CdOrPrtry></Tp><Amt Ccy="EUR">56647.78</Amt><CdtDbtInd>CRDT</CdtDbtInd><Dt><Dt>2025-08-16</Dt></Dt></Bal><Ntry><Amt Ccy="EUR">10489.44</Amt><CdtDbtInd>DBIT</CdtDbtInd><Sts>BOOK</Sts><BookgDt><Dt>2025-08-16</Dt></BookgDt><ValDt><Dt>2025-08-16</Dt></ValDt><BkTxCd><Domn><Cd>PMNT</Cd><Fmly><Cd>ICDT</Cd><SubFmlyCd>XCRT</SubFmlyCd></Fmly></Domn></BkTxCd><NtryDtls><TxDtls><Refs><EndToEndId>E2E-e00defdf-295d-4832-a73c-f847bc71e00e</EndToEndId><TxId>TX-5a7f7781-d0d6-42d7-93bb-0b46e71f253a</TxId><UETR>c3bc3581-8a24-426c-b03e-3cbf298e1eec</UETR></Refs><RltdPties><Cdtr><Nm>Wayne Enterprises</Nm></Cdtr><CdtrAcct><Id><IBAN>FR9957311084851531931676</IBAN></Id></CdtrAcct><Dbtr><Nm>Wonka Industries</Nm></Dbtr><DbtrAcct><Id><IBAN>DE9900449097759751316654</IBAN></Id></DbtrAcct></RltdPties><RltdAgts><CdtrAgt><FinInstnId><BICFI>BNPAES5C</BICFI></FinInstnId></CdtrAgt><DbtrAgt><FinInstnId><BICFI>CITIDE6D</BICFI></FinInstnId></DbtrAgt></RltdAgts><RmtInf><Ustrd>Refund</Ustrd></RmtInf></TxDtls></NtryDtls></Ntry><Ntry><Amt Ccy="EUR">10.69</Amt><CdtDbtInd>DBIT</CdtDbtInd><Sts>BOOK</Sts><BookgDt><Dt>2025-08-16</Dt></BookgDt><ValDt><Dt>2025-08-16</Dt></ValDt><BkTxCd><Domn><Cd>CHRG</Cd><Fmly><Cd>CHRG</Cd><SubFmlyCd>OTHR</SubFmlyCd></Fmly></Domn></BkTxCd><NtryDtls><TxDtls><Refs><EndToEndId>E2E-fdc58729-2729-4c87-9854-ed4a8995ce0c</EndToEndId><TxId>TX-5013aa3e-33a0-47c8-b9e4-8a5216baad81</TxId><UETR>f5896b3b-ce54-4619-85d4-7664e8826db6</UETR></Refs><RmtInf><Ustrd>Wire processing fee</Ustrd></RmtInf></TxDtls></NtryDtls></Ntry><Ntry><Amt Ccy="EUR">2716.88</Amt><CdtDbtInd>DBIT</CdtDbtInd><Sts>BOOK</Sts><BookgDt><Dt>2025-08-16</Dt></BookgDt><ValDt><Dt>2025-08-16</Dt></ValDt><BkTxCd><Domn><Cd>PMNT</Cd><Fmly><Cd>ICDT</Cd><SubFmlyCd>XCRT</SubFmlyCd></Fmly></Domn></BkTxCd><NtryDtls><TxDtls><Refs><EndToEndId>E2E-c3a20c33-35c9-4eb5-b12e-1ae25832d39a</EndToEndId><TxId>TX-f24a1aa6-98f8-4d3e-946c-1a6c5b0c7a60</TxId><UETR>0c629e3d-81e8-4fe2-a05e-aa9a9af6f95a</UETR></Refs><RltdPties><Cdtr><Nm>Initech Ltd</Nm></Cdtr><CdtrAcct><Id><IBAN>DE9992172867221144780897</IBAN></Id></CdtrAcct><Dbtr><Nm>Tyrell Corporation</Nm></Dbtr><DbtrAcct><Id><IBAN>FR9972323444825666224058</IBAN></Id></DbtrAcct></RltdPties><RltdAgts><CdtrAgt><FinInstnId><BICFI>NATAES2X</BICFI></FinInstnId></CdtrAgt><DbtrAgt><FinInstnId><BICFI>NATAIE2X</BICFI></FinInstnId></DbtrAgt></RltdAgts><RmtInf><Ustrd>Refund</Ustrd></RmtInf></TxDtls></NtryDtls></Ntry><Ntry><Amt Ccy="EUR">5389.29</Amt><CdtDbtInd>DBIT</CdtDbtInd><Sts>BOOK</Sts><BookgDt><Dt>2025-08-16</Dt></BookgDt><ValDt><Dt>2025-08-16</Dt></ValDt><BkTxCd><Domn><Cd>PMNT</Cd><Fmly><Cd>ICDT</Cd><SubFmlyCd>DMCT</SubFmlyCd></Fmly></Domn></BkTxCd><NtryDtls><TxDtls><Refs><EndToEndId>E2E-84a0d0e3-e577-4f7e-be7e-c633a3f8954a</EndToEndId><TxId>TX-3624911b-0978-4752-8ddc-2b8afbbec4a7</TxId><UETR>077c27e4-c637-4418-bbb1-586eb87384f3</UETR></Refs><RltdPties><Cdtr><Nm>Umbrella Co</Nm></Cdtr><CdtrAcct><Id><IBAN>PT9945842707288278584370</IBAN></Id></CdtrAcct><Dbtr><Nm>Cyberdyne Systems</Nm></Dbtr><DbtrAcct><Id><IBAN>PT9901904069475468092108</IBAN></Id></DbtrAcct></RltdPties><RltdAgts><CdtrAgt><FinInstnId><BICFI>CITIBE2X</BICFI></FinInstnId></CdtrAgt><DbtrAgt><FinInstnId><BICFI>SOGEIE5C</BICFI></FinInstnId></DbtrAgt></RltdAgts><RmtInf><Ustrd>Wire payment</Ustrd></RmtInf></TxDtls></NtryDtls></Ntry><Ntry><Amt Ccy="EUR">11.33</Amt><CdtDbtInd>DBIT</CdtDbtInd><Sts>BOOK</Sts><BookgDt><Dt>2025-08-16</Dt></BookgDt><ValDt><Dt>2025-08-16</Dt></ValDt><BkTxCd><Domn><Cd>CHRG</Cd><Fmly><Cd>CHRG</Cd><SubFmlyCd>OTHR</SubFmlyCd></Fmly></Domn></BkTxCd><NtryDtls><TxDtls><Refs><EndToEndId>E2E-a562bcc1-5145-4e06-8da7-a37eecfc9e2e</EndToEndId><TxId>TX-a6614694-555e-4009-9afb-ac14a38fac66</TxId><UETR>10d3d261-4983-4f74-bad6-dc3388ae1c5a</UETR></Refs><RmtInf><Ustrd>Wire processing fee</Ustrd></RmtInf></TxDtls></NtryDtls></Ntry><Ntry><Amt Ccy="EUR">15880.63</Amt><CdtDbtInd>CRDT</CdtDbtInd><Sts>BOOK</Sts><BookgDt><Dt>2025-08-16</Dt></BookgDt><ValDt><Dt>2025-08-16</Dt></ValDt><BkTxCd><Domn><Cd>PMNT</Cd><Fmly><Cd>RCDT</Cd><SubFmlyCd>XCRT</SubFmlyCd></Fmly></Domn></BkTxCd><NtryDtls><TxDtls><Refs><EndToEndId>E2E-d29ac726-2fcd-4f5b-90ad-20d3fec71427</EndToEndId><TxId>TX-5e28863d-9513-4c83-bf2c-6ba94830644e</TxId><UETR>5708dac5-4524-45a7-8f05-80f7b820eb10</UETR></Refs><RltdPties><Cdtr><Nm>Initech Ltd</Nm></Cdtr><CdtrAcct><Id><IBAN>ES9971752290835469656350</IBAN></Id></CdtrAcct><Dbtr><Nm>Wonka Industries</Nm></Dbtr><DbtrAcct><Id><IBAN>AT9944019686317072684742</IBAN></Id></DbtrAcct></RltdPties><RltdAgts><CdtrAgt><FinInstnId><BICFI>HSBCGB2X</BICFI></FinInstnId></CdtrAgt><DbtrAgt><FinInstnId><BICFI>BNPAUS6D</BICFI></FinInstnId></DbtrAgt></RltdAgts><RmtInf><Ustrd>FX wire</Ustrd></RmtInf></TxDtls></NtryDtls></Ntry><Ntry><Amt Ccy="EUR">16041.11</Amt><CdtDbtInd>DBIT</CdtDbtInd><Sts>BOOK</Sts><BookgDt><Dt>2025-08-16</Dt></BookgDt><ValDt><Dt>2025-08-16</Dt></ValDt><BkTxCd><Domn><Cd>PMNT</Cd><Fmly><Cd>ICDT</Cd><SubFmlyCd>DMCT</SubFmlyCd></Fmly></Domn></BkTxCd><NtryDtls><TxDtls><Refs><EndToEndId>E2E-c2fc7558-36a0-4b40-b234-b22578802f53</EndToEndId><TxId>TX-a087bd04-f8fe-467b-8169-09f3696e5884</TxId><UETR>19a85679-56f0-4e6b-935b-990c17c5c594</UETR></Refs><RltdPties><Cdtr><Nm>Wayne Enterprises</Nm></Cdtr><CdtrAcct><Id><IBAN>GB9908735281788365757362</IBAN></Id></CdtrAcct><Dbtr><Nm>Pied Piper LLC</Nm></Dbtr><DbtrAcct><Id><IBAN>GB9943113796367838775087</IBAN></Id></DbtrAcct></RltdPties><RltdAgts><CdtrAgt><FinInstnId><BICFI>NATAIE6D</BICFI></FinInstnId></CdtrAgt><DbtrAgt><FinInstnId><BICFI>BOFAIE3A</BICFI></FinInstnId></DbtrAgt></RltdAgts><RmtInf><Ustrd>INV 40724</Ustrd></RmtInf></TxDtls></NtryDtls></Ntry><Ntry><Amt Ccy="EUR">29.74</Amt><CdtDbtInd>DBIT</CdtDbtInd><Sts>BOOK</Sts><BookgDt><Dt>2025-08-16</Dt></BookgDt><ValDt><Dt>2025-08-16</Dt></ValDt><BkTxCd><Domn><Cd>CHRG</Cd><Fmly><Cd>CHRG</Cd><SubFmlyCd>OTHR</SubFmlyCd></Fmly></Domn></BkTxCd><NtryDtls><TxDtls><Refs><EndToEndId>E2E-98d2b8f1-d63e-4833-beb0-5fb3c430385b</EndToEndId><TxId>TX-1ac570d7-4d64-4ed9-ae58-28b10a974267</TxId><UETR>fcb0ecf5-1347-4680-8788-74579d727784</UETR></Refs><RmtInf><Ustrd>Wire processing fee</Ustrd></RmtInf></TxDtls></NtryDtls></Ntry><Ntry><Amt Ccy="EUR">2457.60</Amt><CdtDbtInd>DBIT</CdtDbtInd><Sts>BOOK</Sts><BookgDt><Dt>2025-08-16</Dt></BookgDt><ValDt><Dt>2025-08-16</Dt></ValDt><BkTxCd><Domn><Cd>PMNT</Cd><Fmly><Cd>ICDT</Cd><SubFmlyCd>DMCT</SubFmlyCd></Fmly></Domn></BkTxCd><NtryDtls><TxDtls><Refs><EndToEndId>E2E-d31f5838-4213-4b3e-a1b3-d015c42d2404</EndToEndId><TxId>TX-39eacad1-1b94-4a33-8d53-e4cccf60bf24</TxId><UETR>5da93cfa-c3a6-4db0-b95c-68bfeaefccba</UETR></Refs><RltdPties><Cdtr><Nm>Globex Corp</Nm></Cdtr><CdtrAcct><Id><IBAN>IT9942742381055560247557</IBAN></Id></CdtrAcct><Dbtr><Nm>Blue Sun Corp</Nm></Dbtr><DbtrAcct><Id><IBAN>IE9900557338297961446389</IBAN></Id></DbtrAcct></RltdPties><RltdAgts><CdtrAgt><FinInstnId><BICFI>RABOIE4B</BICFI></FinInstnId></CdtrAgt><DbtrAgt><FinInstnId><BICFI>BNPAUS2X</BICFI></FinInstnId></DbtrAgt></RltdAgts><RmtInf><Ustrd>Wire payment</Ustrd></RmtInf></TxDtls></NtryDtls></Ntry><Ntry><Amt Ccy="EUR">5.02</Amt><CdtDbtInd>DBIT</CdtDbtInd><Sts>BOOK</Sts><BookgDt><Dt>2025-08-16</Dt></BookgDt><ValDt><Dt>2025-08-16</Dt></ValDt><BkTxCd><Domn><Cd>CHRG</Cd><Fmly><Cd>CHRG</Cd><SubFmlyCd>OTHR</SubFmlyCd></Fmly></Domn></BkTxCd><NtryDtls><TxDtls><Refs><EndToEndId>E2E-b1d6100f-6717-416e-a12f-1027bfc168df</EndToEndId><TxId>TX-d1babf5a-8b9e-4964-8054-24853ef27cea</TxId><UETR>661ee444-8c09-421c-b2dc-9625ed1d35a8</UETR></Refs><RmtInf><Ustrd>Wire processing fee</Ustrd></RmtInf></TxDtls></NtryDtls></Ntry><Ntry><Amt Ccy="EUR">1129.76</Amt><CdtDbtInd>CRDT</CdtDbtInd><Sts>BOOK</Sts><BookgDt><Dt>2025-08-16</Dt></BookgDt><ValDt><Dt>2025-08-16</Dt></ValDt><BkTxCd><Domn><Cd>PMNT</Cd><Fmly><Cd>RCDT</Cd><SubFmlyCd>DMCT</SubFmlyCd></Fmly></Domn></BkTxCd><NtryDtls><TxDtls><Refs><EndToEndId>E2E-3dad1bd0-35ab-4c08-b622-3ccc553af3d8</EndToEndId><TxId>TX-c7b87d0b-53d2-4a74-9d19-d41b6334cb37</TxId><UETR>4a51a72b-b0d3-49e4-bbe7-df1558f4f28d</UETR></Refs><RltdPties><Cdtr><Nm>Initech Ltd</Nm></Cdtr><CdtrAcct><Id><IBAN>ES9950138254954923452331</IBAN></Id></CdtrAcct><Dbtr><Nm>Tyrell Corporation</Nm></Dbtr><DbtrAcct><Id><IBAN>GB9961725486605422031181</IBAN></Id></DbtrAcct></RltdPties><RltdAgts><CdtrAgt><FinInstnId><BICFI>BARCBE2X</BICFI></FinInstnId></CdtrAgt><DbtrAgt><FinInstnId><BICFI>BARCUS3A</BICFI></FinInstnId></DbtrAgt></RltdAgts><RmtInf><Ustrd>INV 91571</Ustrd></RmtInf></TxDtls></NtryDtls></Ntry><Ntry><Amt Ccy="EUR">9203.86</Amt><CdtDbtInd>CRDT</CdtDbtInd><Sts>BOOK</Sts><BookgDt><Dt>2025-08-16</Dt></BookgDt><ValDt><Dt>2025-08-16</Dt></ValDt><BkTxCd><Domn><Cd>PMNT</Cd><Fmly><Cd>RCDT</Cd><SubFmlyCd>DMCT</SubFmlyCd></Fmly></Domn></BkTxCd><NtryDtls><TxDtls><Refs><EndToEndId>E2E-a887f839-abd2-4e73-8a1e-565bc42ef546</EndToEndId><TxId>TX-5e5b58be-df36-45f2-964f-97275091095d</TxId><UETR>005b05a3-07a0-4406-9088-e1730b40504c</UETR></Refs><RltdPties><Cdtr><Nm>Umbrella Co</Nm></Cdtr><CdtrAcct><Id><IBAN>DE9915053604509942843076</IBAN></Id></CdtrAcct><Dbtr><Nm>Wonka Industries</Nm></Dbtr><DbtrAcct><Id><IBAN>AT9931566869168331872859</IBAN></Id></DbtrAcct></RltdPties><RltdAgts><CdtrAgt><FinInstnId><BICFI>BNPAGB3A</BICFI></FinInstnId></CdtrAgt><DbtrAgt><FinInstnId><BICFI>RABOBE6D</BICFI></FinInstnId></DbtrAgt></RltdAgts><RmtInf><Ustrd>Refund</Ustrd></RmtInf></TxDtls></NtryDtls></Ntry><Ntry><Amt Ccy="EUR">21.55</Amt><CdtDbtInd>DBIT</CdtDbtInd><Sts>BOOK</Sts><BookgDt><Dt>2025-08-16</Dt></BookgDt><ValDt><Dt>2025-08-16</Dt></ValDt><BkTxCd><Domn><Cd>CHRG</Cd><Fmly><Cd>CHRG</Cd><SubFmlyCd>OTHR</SubFmlyCd></Fmly></Domn></BkTxCd><NtryDtls><TxDtls><Refs><EndToEndId>E2E-10f3c5e1-ca01-49a5-bd58-5edd69822079</EndToEndId><TxId>TX-5bca3ef8-54fc-4d33-bb55-aa85671f4ac0</TxId><UETR>18c91d06-d67f-44d3-a7a3-9839f37a0da9</UETR></Refs><RmtInf><Ustrd>Wire processing fee</Ustrd></RmtInf></TxDtls></NtryDtls></Ntry><Ntry><Amt Ccy="EUR">13574.83</Amt><CdtDbtInd>CRDT</CdtDbtInd><Sts>BOOK</Sts><BookgDt><Dt>2025-08-16</Dt></BookgDt><ValDt><Dt>2025-08-16</Dt></ValDt><BkTxCd><Domn><Cd>PMNT</Cd><Fmly><Cd>RCDT</Cd><SubFmlyCd>DMCT</SubFmlyCd></Fmly></Domn></BkTxCd><NtryDtls><TxDtls><Refs><EndToEndId>E2E-c1a26da5-48d1-4fac-a63d-5a14098ef71a</EndToEndId><TxId>TX-968b3781-1938-4b48-8367-cbc523ee3d81</TxId><UETR>73cacb19-e924-4eb1-9002-84c6b33f2824</UETR></Refs><RltdPties><Cdtr><Nm>Umbrella Co</Nm></Cdtr><CdtrAcct><Id><IBAN>ES9990779096942754298804</IBAN></Id></CdtrAcct><Dbtr><Nm>Aperture Science</Nm></Dbtr><DbtrAcct><Id><IBAN>ES9918318099637014125534</IBAN></Id></DbtrAcct></RltdPties><RltdAgts><CdtrAgt><FinInstnId><BICFI>BOFAFR4B</BICFI></FinInstnId></CdtrAgt><DbtrAgt><FinInstnId><BICFI>BARCGB6D</BICFI></FinInstnId></DbtrAgt></RltdAgts><RmtInf><Ustrd>Payroll batch</Ustrd></RmtInf></TxDtls></NtryDtls></Ntry><Ntry><Amt Ccy="EUR">2976.24</Amt><CdtDbtInd>DBIT</CdtDbtInd><Sts>BOOK</Sts><BookgDt><Dt>2025-08-16</Dt></BookgDt><ValDt><Dt>2025-08-16</Dt></ValDt><BkTxCd><Domn><Cd>PMNT</Cd><Fmly><Cd>ICDT</Cd><SubFmlyCd>XCRT</SubFmlyCd></Fmly></Domn></BkTxCd><NtryDtls><TxDtls><Refs><EndToEndId>E2E-d4c987d9-8417-4681-bee6-40edffa5aa03</EndToEndId><TxId>TX-28b4bee3-5d40-40ed-bef8-7215167ad379</TxId><UETR>4f942026-48de-4a2a-9779-245565278851</UETR></Refs><RltdPties><Cdtr><Nm>Umbrella Co</Nm></Cdtr><CdtrAcct><Id><IBAN>NL9938078967099828661811</IBAN></Id></CdtrAcct><Dbtr><Nm>Aperture Science</Nm></Dbtr><DbtrAcct><Id><IBAN>BE9984886761827376641805</IBAN></Id></DbtrAcct></RltdPties><RltdAgts><CdtrAgt><FinInstnId><BICFI>RABOIE5C</BICFI></FinInstnId></CdtrAgt><DbtrAgt><FinInstnId><BICFI>WFBKIE5C</BICFI></FinInstnId></DbtrAgt></RltdAgts><RmtInf><Ustrd>INV 40257</Ustrd></RmtInf></TxDtls></NtryDtls></Ntry><Ntry><Amt Ccy="EUR">5.81</Amt><CdtDbtInd>DBIT</CdtDbtInd><Sts>BOOK</Sts><BookgDt><Dt>2025-08-16</Dt></BookgDt><ValDt><Dt>2025-08-16</Dt></ValDt><BkTxCd><Domn><Cd>CHRG</Cd><Fmly><Cd>CHRG</Cd><SubFmlyCd>OTHR</SubFmlyCd></Fmly></Domn></BkTxCd><NtryDtls><TxDtls><Refs><EndToEndId>E2E-71076991-cf1a-437d-88b1-14e4caf53411</EndToEndId><TxId>TX-02abec88-19e1-41a3-86a9-bfa74b919548</TxId><UETR>5c97775b-640e-4b8a-ab77-01e03eb07ba4</UETR></Refs><RmtInf><Ustrd>Wire processing fee</Ustrd></RmtInf></TxDtls></NtryDtls></Ntry><Ntry><Amt Ccy="EUR">8703.65</Amt><CdtDbtInd>DBIT</CdtDbtInd><Sts>BOOK</Sts><BookgDt><Dt>2025-08-16</Dt></BookgDt><ValDt><Dt>2025-08-16</Dt></ValDt><BkTxCd><Domn><Cd>PMNT</Cd><Fmly><Cd>ICDT</Cd><SubFmlyCd>DMCT</SubFmlyCd></Fmly></Domn></BkTxCd><NtryDtls><TxDtls><Refs><EndToEndId>E2E-8358f9b2-11a4-4bbb-b625-2e53787b6781</EndToEndId><TxId>TX-1f8dbff6-fce9-4416-a124-247e64c13619</TxId><UETR>91f9a447-397d-42ab-8d35-7aca3c74ad65</UETR></Refs><RltdPties><Cdtr><Nm>Umbrella Co</Nm></Cdtr><CdtrAcct><Id><IBAN>IT9930979793119825918648</IBAN></Id></CdtrAcct><Dbtr><Nm>Tyrell Corporation</Nm></Dbtr><DbtrAcct><Id><IBAN>FR9979861241328305158286</IBAN></Id></DbtrAcct></RltdPties><RltdAgts><CdtrAgt><FinInstnId><BICFI>HSBCUS2X</BICFI></FinInstnId></CdtrAgt><DbtrAgt><FinInstnId><BICFI>WFBKNL2L</BICFI></FinInstnId></DbtrAgt></RltdAgts><RmtInf><Ustrd>FX wire</Ustrd></RmtInf></TxDtls></NtryDtls></Ntry><Ntry><Amt Ccy="EUR">22.07</Amt><CdtDbtInd>DBIT</CdtDbtInd><Sts>BOOK</Sts><BookgDt><Dt>2025-08-16</Dt></BookgDt><ValDt><Dt>2025-08-16</Dt></ValDt><BkTxCd><Domn><Cd>CHRG</Cd><Fmly><Cd>CHRG</Cd><SubFmlyCd>OTHR</SubFmlyCd></Fmly></Domn></BkTxCd><NtryDtls><TxDtls><Refs><EndToEndId>E2E-af0898d9-bcf0-4ed1-9292-417e07800e95</EndToEndId><TxId>TX-45c0b069-fd0d-4ae6-8d8a-3a4f8adf5c2f</TxId><UETR>e47fc23c-c715-4b04-98ac-67c6e8fee3e4</UETR></Refs><RmtInf><Ustrd>Wire processing fee</Ustrd></RmtInf></TxDtls></NtryDtls></Ntry><Ntry><Amt Ccy="EUR">7180.00</Amt><CdtDbtInd>DBIT</CdtDbtInd><Sts>BOOK</Sts><BookgDt><Dt>2025-08-16</Dt></BookgDt><ValDt><Dt>2025-08-16</Dt></ValDt><BkTxCd><Domn><Cd>PMNT</Cd><Fmly><Cd>ICDT</Cd><SubFmlyCd>DMCT</SubFmlyCd></Fmly></Domn></BkTxCd><NtryDtls><TxDtls><Refs><EndToEndId>E2E-6d347206-dd60-494a-98d2-e832c277d6a0</EndToEndId><TxId>TX-2b90b78f-4b69-4375-a40b-d710e5c88609</TxId><UETR>73e34bf9-fbb1-47da-98d3-d024ad943a3c</UETR></Refs><RltdPties><Cdtr><Nm>Initech Ltd</Nm></Cdtr><CdtrAcct><Id><IBAN>IE9976334376136046043771</IBAN></Id></CdtrAcct><Dbtr><Nm>Pied Piper LLC</Nm></Dbtr><DbtrAcct><Id><IBAN>IT9971948619190830065709</IBAN></Id></DbtrAcct></RltdPties><RltdAgts><CdtrAgt><FinInstnId><BICFI>SOGEIE4B</BICFI></FinInstnId></CdtrAgt><DbtrAgt><FinInstnId><BICFI>RABOFR6D</BICFI></FinInstnId></DbtrAgt></RltdAgts><RmtInf><Ustrd>FX wire</Ustrd></RmtInf></TxDtls></NtryDtls></Ntry><Ntry><Amt Ccy="EUR">15.47</Amt><CdtDbtInd>DBIT</CdtDbtInd><Sts>BOOK</Sts><BookgDt><Dt>2025-08-16</Dt></BookgDt><ValDt><Dt>2025-08-16</Dt></ValDt><BkTxCd><Domn><Cd>CHRG</Cd><Fmly><Cd>CHRG</Cd><SubFmlyCd>OTHR</SubFmlyCd></Fmly></Domn></BkTxCd><NtryDtls><TxDtls><Refs><EndToEndId>E2E-63e8a14c-55b1-49c3-b2db-1d8b183792d5</EndToEndId><TxId>TX-7abd38ee-395f-44c8-ac90-0f36fe19d452</TxId><UETR>6be9bc92-6018-46db-908a-a0796c59b2bc</UETR></Refs><RmtInf><Ustrd>Wire processing fee</Ustrd></RmtInf></TxDtls></NtryDtls></Ntry><Ntry><Amt Ccy="EUR">12999.69</Amt><CdtDbtInd>CRDT</CdtDbtInd><Sts>BOOK</Sts><BookgDt><Dt>2025-08-16</Dt></BookgDt><ValDt><Dt>2025-08-16</Dt></ValDt><BkTxCd><Domn><Cd>PMNT</Cd><Fmly><Cd>RCDT</Cd><SubFmlyCd>DMCT</SubFmlyCd></Fmly></Domn></BkTxCd><NtryDtls><TxDtls><Refs><EndToEndId>E2E-f874587e-59b5-4313-9438-8b91e7b4bb95</EndToEndId><TxId>TX-371dee64-7ba3-4b4b-9dd5-a16f750c50f7</TxId><UETR>23be66c7-b5be-4f75-b170-7972a16ed1a1</UETR></Refs><RltdPties><Cdtr><Nm>Wayne Enterprises</Nm></Cdtr><CdtrAcct><Id><IBAN>FR9933398993852550062283</IBAN></Id></CdtrAcct><Dbtr><Nm>Tyrell Corporation</Nm></Dbtr><DbtrAcct><Id><IBAN>DE9945919643786695319429</IBAN></Id></DbtrAcct></RltdPties><RltdAgts><CdtrAgt><FinInstnId><BICFI>BOFADE2X</BICFI></FinInstnId></CdtrAgt><DbtrAgt><FinInstnId><BICFI>CITINL4B</BICFI></FinInstnId></DbtrAgt></RltdAgts><RmtInf><Ustrd>Refund</Ustrd></RmtInf></TxDtls></NtryDtls></Ntry><Bal><Tp><CdOrPrtry><Cd>CLBD</Cd></CdOrPrtry></Tp><Amt Ccy="EUR">53360.66</Amt><CdtDbtInd>CRDT</CdtDbtInd><Dt><Dt>2025-08-17</Dt></Dt></Bal><AddtlStmtInf>All entries represent wire transactions (domestic/cross-border). Fees modeled mixed (separate CHRG entries or netted).</AddtlStmtInf></Stmt></BkToCstmrStmt></Document>