<?xml version='1.0' encoding='utf-8'?>
<Document xmlns="urn:iso:std:iso:20022:tech:xsd:camt.053.001.08"><BkToCstmrStmt><GrpHdr><MsgId>MSG-8f7e3dc8-0334-46a8-bc55-e1c0bae7677c</MsgId><CreDtTm>2025-09-11T17:04:58Z</CreDtTm></GrpHdr><Stmt><Id>WIRE-STAT-20250818-06</Id><ElctrncSeqNb>6</ElctrncSeqNb><LglSeqNb>6</LglSeqNb><CreDtTm>2025-09-11T17:04:58Z</CreDtTm><Acct><Id><IBAN>AT9991048749741211203340</IBAN></Id><Ownr><Nm>North Coast Trading Co.</Nm></Ownr><Svcr><FinInstnId><BICFI>RABOFR2L</BICFI></FinInstnId></Svcr></Acct><AcctSvcr>CITIES6D</AcctSvcr><FrToDt><Fr>2025-08-18</Fr><To>2025-08-19</To></FrToDt><Bal><Tp><CdOrPrtry><Cd>OPBD</Cd></CdOrPrtry></Tp><Amt Ccy="GBP">210026.48</Amt><CdtDbtInd>CRDT</CdtDbtInd><Dt><Dt>2025-08-18</Dt></Dt></Bal><Ntry><Amt Ccy="GBP">10964.10</Amt><CdtDbtInd>DBIT</CdtDbtInd><Sts>BOOK</Sts><BookgDt><Dt>2025-08-18</Dt></BookgDt><ValDt><Dt>2025-08-18</Dt></ValDt><BkTxCd><Domn><Cd>PMNT</Cd><Fmly><Cd>ICDT</Cd><SubFmlyCd>DMCT</SubFmlyCd></Fmly></Domn></BkTxCd><NtryDtls><TxDtls><Refs><EndToEndId>E2E-555faa03-b911-4117-9bc5-8d381ad67e5c</EndToEndId><TxId>TX-ef49e9ec-afeb-4ebe-abf8-6f1957d35100</TxId><UETR>99d96018-ee4e-49ad-8839-d9d3af8cf678</UETR></Refs><RltdPties><Cdtr><Nm>Vandelay Imports</Nm></Cdtr><CdtrAcct><Id><IBAN>DE9961563789005213852931</IBAN></Id></CdtrAcct><Dbtr><Nm>Blue Sun Corp</Nm></Dbtr><DbtrAcct><Id><IBAN>IE9948127806829595982682</IBAN></Id></DbtrAcct></RltdPties><RltdAgts><CdtrAgt><FinInstnId><BICFI>CHASES6D</BICFI></FinInstnId></CdtrAgt><DbtrAgt><FinInstnId><BICFI>NATABE4B</BICFI></FinInstnId></DbtrAgt></RltdAgts><RmtInf><Ustrd>Wire payment</Ustrd></RmtInf></TxDtls></NtryDtls></Ntry><Ntry><Amt Ccy="GBP">18413.54</Amt><CdtDbtInd>CRDT</CdtDbtInd><Sts>BOOK</Sts><BookgDt><Dt>2025-08-18</Dt></BookgDt><ValDt><Dt>2025-08-18</Dt></ValDt><BkTxCd><Domn><Cd>PMNT</Cd><Fmly><Cd>RCDT</Cd><SubFmlyCd>DMCT</SubFmlyCd></Fmly></Domn></BkTxCd><NtryDtls><TxDtls><Refs><EndToEndId>E2E-4d170bbb-ef8c-4b49-afbc-4cd4c68f1bf0</EndToEndId><TxId>TX-80ba1185-aa18-424b-8ce3-285a64bc974d</TxId><UETR>14550f20-1601-455b-a37c-d6163142428a</UETR></Refs><RltdPties><Cdtr><Nm>Initech Ltd</Nm></Cdtr><CdtrAcct><Id><IBAN>BE9919016222909345035199</IBAN></Id></CdtrAcct><Dbtr><Nm>Blue Sun Corp</Nm></Dbtr><DbtrAcct><Id><IBAN>IT9995028252538312468185</IBAN></Id></DbtrAcct></RltdPties><RltdAgts><CdtrAgt><FinInstnId><BICFI>CITIES4B</BICFI></FinInstnId></CdtrAgt><DbtrAgt><FinInstnId><BICFI>WFBKES2L</BICFI></FinInstnId></DbtrAgt></RltdAgts><RmtInf><Ustrd>Wire payment</Ustrd></RmtInf></TxDtls></NtryDtls></Ntry><Ntry><Amt Ccy="GBP">41.94</Amt><CdtDbtInd>DBIT</CdtDbtInd><Sts>BOOK</Sts><BookgDt><Dt>2025-08-18</Dt></BookgDt><ValDt><Dt>2025-08-18</Dt></ValDt><BkTxCd><Domn><Cd>CHRG</Cd><Fmly><Cd>CHRG</Cd><SubFmlyCd>OTHR</SubFmlyCd></Fmly></Domn></BkTxCd><NtryDtls><TxDtls><Refs><EndToEndId>E2E-06e2da0f-0b66-4b5e-b977-d72ff38071cf</EndToEndId><TxId>TX-d8f48a52-70c4-473a-a439-7e5971c10157</TxId><UETR>e244ed1f-29b3-4a2e-9811-d6cb4dcf8771</UETR></Refs><RmtInf><Ustrd>Wire processing fee</Ustrd></RmtInf></TxDtls></NtryDtls></Ntry><Ntry><Amt Ccy="GBP">3872.15</Amt><CdtDbtInd>DBIT</CdtDbtInd><Sts>BOOK</Sts><BookgDt><Dt>2025-08-18</Dt></BookgDt><ValDt><Dt>2025-08-18</Dt></ValDt><BkTxCd><Domn><Cd>PMNT</Cd><Fmly><Cd>ICDT</Cd><SubFmlyCd>XCRT</SubFmlyCd></Fmly></Domn></BkTxCd><NtryDtls><TxDtls><Refs><EndToEndId>E2E-d78b390b-aae1-4054-a923-0d832e5366f7</EndToEndId><TxId>TX-05f8f746-c267-47b2-abb1-f3a19a2d2f8f</TxId><UETR>eebd7096-7199-4616-814b-1008191f353a</UETR></Refs><RltdPties><Cdtr><Nm>Stark Industries</Nm></Cdtr><CdtrAcct><Id><IBAN>ES9940961210788354705022</IBAN></Id></CdtrAcct><Dbtr><Nm>Wonka Industries</Nm></Dbtr><DbtrAcct><Id><IBAN>AT9926470234366264675291</IBAN></Id></DbtrAcct></RltdPties><RltdAgts><CdtrAgt><FinInstnId><BICFI>NATAGB2L</BICFI></FinInstnId></CdtrAgt><DbtrAgt><FinInstnId><BICFI>CITIUS5C</BICFI></FinInstnId></DbtrAgt></RltdAgts><RmtInf><Ustrd>Vendor settlement</Ustrd></RmtInf></TxDtls></NtryDtls></Ntry><Ntry><Amt Ccy="GBP">8.84</Amt><CdtDbtInd>DBIT</CdtDbtInd><Sts>BOOK</Sts><BookgDt><Dt>2025-08-18</Dt></BookgDt><ValDt><Dt>2025-08-18</Dt></ValDt><BkTxCd><Domn><Cd>CHRG</Cd><Fmly><Cd>CHRG</Cd><SubFmlyCd>OTHR</SubFmlyCd></Fmly></Domn></BkTxCd><NtryDtls><TxDtls><Refs><EndToEndId>E2E-422d0f09-74b6-4807-b5b0-f8a7af4ebfd7</EndToEndId><TxId>TX-6e586c59-e55c-4e98-a136-dea083a64dc2</TxId><UETR>be88d7f8-df4d-4a1a-97e4-13e85df8eaf7</UETR></Refs><RmtInf><Ustrd>Wire processing fee</Ustrd></RmtInf></TxDtls></NtryDtls></Ntry><Ntry><Amt Ccy="GBP">19753.52</Amt><CdtDbtInd>DBIT</CdtDbtInd><Sts>BOOK</Sts><BookgDt><Dt>2025-08-18</Dt></BookgDt><ValDt><Dt>2025-08-18</Dt></ValDt><BkTxCd><Domn><Cd>PMNT</Cd><Fmly><Cd>ICDT</Cd><SubFmlyCd>XCRT</SubFmlyCd></Fmly></Domn></BkTxCd><NtryDtls><TxDtls><Refs><EndToEndId>E2E-ffadc5e3-03e5-4c6a-9f88-534574a883ee</EndToEndId><TxId>TX-20390f49-045b-4997-b293-e0a5f499bf8f</TxId><UETR>025b6fed-e61b-4529-8ce0-155085b352f8</UETR></Refs><RltdPties><Cdtr><Nm>Initech Ltd</Nm></Cdtr><CdtrAcct><Id><IBAN>NL9924320885893801821873</IBAN></Id></CdtrAcct><Dbtr><Nm>Cyberdyne Systems</Nm></Dbtr><DbtrAcct><Id><IBAN>FR9939872839375669044466</IBAN></Id></DbtrAcct></RltdPties><RltdAgts><CdtrAgt><FinInstnId><BICFI>CHASGB2L</BICFI></FinInstnId></CdtrAgt><DbtrAgt><FinInstnId><BICFI>WFBKNL2L</BICFI></FinInstnId></DbtrAgt></RltdAgts><RmtInf><Ustrd>INV 49610</Ustrd></RmtInf></TxDtls></NtryDtls></Ntry><Ntry><Amt Ccy="GBP">7825.79</Amt><CdtDbtInd>DBIT</CdtDbtInd><Sts>BOOK</Sts><BookgDt><Dt>2025-08-18</Dt></BookgDt><ValDt><Dt>2025-08-18</Dt></ValDt><BkTxCd><Domn><Cd>PMNT</Cd><Fmly><Cd>ICDT</Cd><SubFmlyCd>DMCT</SubFmlyCd></Fmly></Domn></BkTxCd><NtryDtls><TxDtls><Refs><EndToEndId>E2E-9db9fbb1-fe18-4b0b-a647-f43943b2c74d</EndToEndId><TxId>TX-e44f4cb4-27f2-4183-a555-535519480e1a</TxId><UETR>0bfdc2f6-533e-407c-9f7b-589faae5f75a</UETR></Refs><RltdPties><Cdtr><Nm>Initech Ltd</Nm></Cdtr><CdtrAcct><Id><IBAN>FR9999730877992524147821</IBAN></Id></CdtrAcct><Dbtr><Nm>Blue Sun Corp</Nm></Dbtr><DbtrAcct><Id><IBAN>ES9934021798987221713179</IBAN></Id></DbtrAcct></RltdPties><RltdAgts><CdtrAgt><FinInstnId><BICFI>CHASFR5C</BICFI></FinInstnId></CdtrAgt><DbtrAgt><FinInstnId><BICFI>SOGEUS3A</BICFI></FinInstnId></DbtrAgt></RltdAgts><RmtInf><Ustrd>Payroll batch</Ustrd></RmtInf></TxDtls></NtryDtls></Ntry><Ntry><Amt Ccy="GBP">2346.33</Amt><CdtDbtInd>CRDT</CdtDbtInd><Sts>BOOK</Sts><BookgDt><Dt>2025-08-18</Dt></BookgDt><ValDt><Dt>2025-08-18</Dt></ValDt><BkTxCd><Domn><Cd>PMNT</Cd><Fmly><Cd>RCDT</Cd><SubFmlyCd>XCRT</SubFmlyCd></Fmly></Domn></BkTxCd><NtryDtls><TxDtls><Refs><EndToEndId>E2E-78d5af99-ca3b-4a13-bdfa-5de76f32c4fd</EndToEndId><TxId>TX-a8351474-596b-4167-8946-6e7fad43de89</TxId><UETR>a41e7614-9363-4001-983e-b9abb9ec47d0</UETR></Refs><RltdPties><Cdtr><Nm>Initech Ltd</Nm></Cdtr><CdtrAcct><Id><IBAN>AT9914156234001086340997</IBAN></Id></CdtrAcct><Dbtr><Nm>Cyberdyne Systems</Nm></Dbtr><DbtrAcct><Id><IBAN>DE9956740195670736048033</IBAN></Id></DbtrAcct></RltdPties><RltdAgts><CdtrAgt><FinInstnId><BICFI>BNPAIE6D</BICFI></FinInstnId></CdtrAgt><DbtrAgt><FinInstnId><BICFI>SOGEDE4B</BICFI></FinInstnId></DbtrAgt></RltdAgts><RmtInf><Ustrd>Vendor settlement</Ustrd></RmtInf></TxDtls></NtryDtls></Ntry><Ntry><Amt Ccy="GBP">5.00</Amt><CdtDbtInd>DBIT</CdtDbtInd><Sts>BOOK</Sts><BookgDt><Dt>2025-08-18</Dt></BookgDt><ValDt><Dt>2025-08-18</Dt></ValDt><BkTxCd><Domn><Cd>CHRG</Cd><Fmly><Cd>CHRG</Cd><SubFmlyCd>OTHR</SubFmlyCd></Fmly></Domn></BkTxCd><NtryDtls><TxDtls><Refs><EndToEndId>E2E-9aac52de-5296-411d-918d-e682fe5597af</EndToEndId><TxId>TX-65ab6886-b540-43cb-8ad2-926956676347</TxId><UETR>f051477d-0495-45e3-8d7e-eb45f173826c</UETR></Refs><RmtInf><Ustrd>Wire processing fee</Ustrd></RmtInf></TxDtls></NtryDtls></Ntry><Ntry><Amt Ccy="GBP">12491.33</Amt><CdtDbtInd>DBIT</CdtDbtInd><Sts>BOOK</Sts><BookgDt><Dt>2025-08-18</Dt></BookgDt><ValDt><Dt>2025-08-18</Dt></ValDt><BkTxCd><Domn><Cd>PMNT</Cd><Fmly><Cd>ICDT</Cd><SubFmlyCd>XCRT</SubFmlyCd></Fmly></Domn></BkTxCd><NtryDtls><TxDtls><Refs><EndToEndId>E2E-da5f3a53-6539-4b70-8f8c-a994e0d40fb5</EndToEndId><TxId>TX-5a61b722-0e7a-4503-a79c-9e95d837a22b</TxId><UETR>ff4ad658-baed-4eaf-a320-f9d9a34b3e6f</UETR></Refs><RltdPties><Cdtr><Nm>Stark Industries</Nm></Cdtr><CdtrAcct><Id><IBAN>IT9965735650627374568869</IBAN></Id></CdtrAcct><Dbtr><Nm>Aperture Science</Nm></Dbtr><DbtrAcct><Id><IBAN>NL9987648168548098455585</IBAN></Id></DbtrAcct></RltdPties><RltdAgts><CdtrAgt><FinInstnId><BICFI>CITIIE3A</BICFI></FinInstnId></CdtrAgt><DbtrAgt><FinInstnId><BICFI>DEUTIE6D</BICFI></FinInstnId></DbtrAgt></RltdAgts><RmtInf><Ustrd>Refund</Ustrd></RmtInf></TxDtls></NtryDtls></Ntry><Ntry><Amt Ccy="GBP">2529.96</Amt><CdtDbtInd>DBIT</CdtDbtInd><Sts>BOOK</Sts><BookgDt><Dt>2025-08-18</Dt></BookgDt><ValDt><Dt>2025-08-18</Dt></ValDt><BkTxCd><Domn><Cd>PMNT</Cd><Fmly><Cd>ICDT</Cd><SubFmlyCd>XCRT</SubFmlyCd></Fmly></Domn></BkTxCd><NtryDtls><TxDtls><Refs><EndToEndId>E2E-c305d240-4631-4f3d-b74e-30e5326dbb0b</EndToEndId><TxId>TX-76e7cba2-6478-4afd-9eba-49124e2b51a2</TxId><UETR>1b7338d9-f081-40f5-8558-f9b381b92703</UETR></Refs><RltdPties><Cdtr><Nm>Globex Corp</Nm></Cdtr><CdtrAcct><Id><IBAN>IE9936205209076914439876</IBAN></Id></CdtrAcct><Dbtr><Nm>Wonka Industries</Nm></Dbtr><DbtrAcct><Id><IBAN>IT9911563603104763054630</IBAN></Id></DbtrAcct></RltdPties><RltdAgts><CdtrAgt><FinInstnId><BICFI>BARCNL3A</BICFI></FinInstnId></CdtrAgt><DbtrAgt><FinInstnId><BICFI>BARCIE3A</BICFI></FinInstnId></DbtrAgt></RltdAgts><RmtInf><Ustrd>INV 21287</Ustrd></RmtInf></TxDtls></NtryDtls></Ntry><Ntry><Amt Ccy="GBP">5.00</Amt><CdtDbtInd>DBIT</CdtDbtInd><Sts>BOOK</Sts><BookgDt><Dt>2025-08-18</Dt></BookgDt><ValDt><Dt>2025-08-18</Dt></ValDt><BkTxCd><Domn><Cd>CHRG</Cd><Fmly><Cd>CHRG</Cd><SubFmlyCd>OTHR</SubFmlyCd></Fmly></Domn></BkTxCd><NtryDtls><TxDtls><Refs><EndToEndId>E2E-cc4c7bdd-b82b-425f-b9c3-37d9898f7850</EndToEndId><TxId>TX-4743aa83-e685-4e25-a03e-4202dfee7117</TxId><UETR>c5f19350-d49c-4dd1-afdd-6928cd955e07</UETR></Refs><RmtInf><Ustrd>Wire processing fee</Ustrd></RmtInf></TxDtls></NtryDtls></Ntry><Ntry><Amt Ccy="GBP">12554.18</Amt><CdtDbtInd>CRDT</CdtDbtInd><Sts>BOOK</Sts><BookgDt><Dt>2025-08-18</Dt></BookgDt><ValDt><Dt>2025-08-18</Dt></ValDt><BkTxCd><Domn><Cd>PMNT</Cd><Fmly><Cd>RCDT</Cd><SubFmlyCd>DMCT</SubFmlyCd></Fmly></Domn></BkTxCd><NtryDtls><TxDtls><Refs><EndToEndId>E2E-6690ebb6-48a9-4bd2-847a-e8ded2a1861e</EndToEndId><TxId>TX-bb95674d-9370-48d1-aecc-d18ec8280ed6</TxId><UETR>382c3ce4-2a55-40a3-bd9d-c776240ddded</UETR></Refs><RltdPties><Cdtr><Nm>Globex Corp</Nm></Cdtr><CdtrAcct><Id><IBAN>PT9942737958203960180072</IBAN></Id></CdtrAcct><Dbtr><Nm>Cyberdyne Systems</Nm></Dbtr><DbtrAcct><Id><IBAN>BE9963447746807697561161</IBAN></Id></DbtrAcct></RltdPties><RltdAgts><CdtrAgt><FinInstnId><BICFI>RABOIE5C</BICFI></FinInstnId></CdtrAgt><DbtrAgt><FinInstnId><BICFI>DEUTFR5C</BICFI></FinInstnId></DbtrAgt></RltdAgts><RmtInf><Ustrd>Payroll batch</Ustrd></RmtInf></TxDtls></NtryDtls></Ntry><Ntry><Amt Ccy="GBP">12.38</Amt><CdtDbtInd>DBIT</CdtDbtInd><Sts>BOOK</Sts><BookgDt><Dt>2025-08-18</Dt></BookgDt><ValDt><Dt>2025-08-18</Dt></ValDt><BkTxCd><Domn><Cd>CHRG</Cd><Fmly><Cd>CHRG</Cd><SubFmlyCd>OTHR</SubFmlyCd></Fmly></Domn></BkTxCd><NtryDtls><TxDtls><Refs><EndToEndId>E2E-f4e30191-f76b-45f6-9778-fb65199e83ac</EndToEndId><TxId>TX-92bf751e-3edc-4477-9f30-ee84549bfbf0</TxId><UETR>61accef0-5769-4219-aa70-9a621500fded</UETR></Refs><RmtInf><Ustrd>Wire processing fee</Ustrd></RmtInf></TxDtls></NtryDtls></Ntry><Ntry><Amt Ccy="GBP">2531.93</Amt><CdtDbtInd>DBIT</CdtDbtInd><Sts>BOOK</Sts><BookgDt><Dt>2025-08-18</Dt></BookgDt><ValDt><Dt>2025-08-18</Dt></ValDt><BkTxCd><Domn><Cd>PMNT</Cd><Fmly><Cd>ICDT</Cd><SubFmlyCd>XCRT</SubFmlyCd></Fmly></Domn></BkTxCd><NtryDtls><TxDtls><Refs><EndToEndId>E2E-8423a537-dad6-4d76-9bd6-fde4917799ea</EndToEndId><TxId>TX-b85b2f77-078a-4587-9a34-bb23fc21d0ae</TxId><UETR>54547778-cba1-4250-b1f1-893f0a3d79bd</UETR></Refs><RltdPties><Cdtr><Nm>Globex Corp</Nm></Cdtr><CdtrAcct><Id><IBAN>ES9937100175875855210315</IBAN></Id></CdtrAcct><Dbtr><Nm>Pied Piper LLC</Nm></Dbtr><DbtrAcct><Id><IBAN>FR9972785599335625249487</IBAN></Id></DbtrAcct></RltdPties><RltdAgts><CdtrAgt><FinInstnId><BICFI>CHASGB6D</BICFI></FinInstnId></CdtrAgt><DbtrAgt><FinInstnId><BICFI>WFBKIE5C</BICFI></FinInstnId></DbtrAgt></RltdAgts><RmtInf><Ustrd>FX wire</Ustrd></RmtInf></TxDtls></NtryDtls></Ntry><Ntry><Amt Ccy="GBP">6401.32</Amt><CdtDbtInd>CRDT</CdtDbtInd><Sts>BOOK</Sts><BookgDt><Dt>2025-08-18</Dt></BookgDt><ValDt><Dt>2025-08-18</Dt></ValDt><BkTxCd><Domn><Cd>PMNT</Cd><Fmly><Cd>RCDT</Cd><SubFmlyCd>XCRT</SubFmlyCd></Fmly></Domn></BkTxCd><NtryDtls><TxDtls><Refs><EndToEndId>E2E-a10a555d-d7ae-486c-ae6f-5a036ecf58ca</EndToEndId><TxId>TX-8145bf8f-e85d-4217-8330-ea3065195bc6</TxId><UETR>f72046ef-8040-466c-8029-cb36d679a300</UETR></Refs><RltdPties><Cdtr><Nm>Globex Corp</Nm></Cdtr><CdtrAcct><Id><IBAN>NL9916527760102524460654</IBAN></Id></CdtrAcct><Dbtr><Nm>Aperture Science</Nm></Dbtr><DbtrAcct><Id><IBAN>IT9964560537823411726209</IBAN></Id></DbtrAcct></RltdPties><RltdAgts><CdtrAgt><FinInstnId><BICFI>WFBKES5C</BICFI></FinInstnId></CdtrAgt><DbtrAgt><FinInstnId><BICFI>DEUTUS6D</BICFI></FinInstnId></DbtrAgt></RltdAgts><RmtInf><Ustrd>INV 32584</Ustrd></RmtInf></TxDtls></NtryDtls></Ntry><Ntry><Amt Ccy="GBP">8.03</Amt><CdtDbtInd>DBIT</CdtDbtInd><Sts>BOOK</Sts><BookgDt><Dt>2025-08-18</Dt></BookgDt><ValDt><Dt>2025-08-18</Dt></ValDt><BkTxCd><Domn><Cd>CHRG</Cd><Fmly><Cd>CHRG</Cd><SubFmlyCd>OTHR</SubFmlyCd></Fmly></Domn></BkTxCd><NtryDtls><TxDtls><Refs><EndToEndId>E2E-422d4a73-5b7c-4242-ba88-08357ffe324f</EndToEndId><TxId>TX-8c264d2f-deac-40cf-b731-a7f75c5113fb</TxId><UETR>a68ef8a6-6c22-4a50-b42f-ff2414b902b5</UETR></Refs><RmtInf><Ustrd>Wire processing fee</Ustrd></RmtInf></TxDtls></NtryDtls></Ntry><Ntry><Amt Ccy="GBP">9063.43</Amt><CdtDbtInd>CRDT</CdtDbtInd><Sts>BOOK</Sts><BookgDt><Dt>2025-08-18</Dt></BookgDt><ValDt><Dt>2025-08-18</Dt></ValDt><BkTxCd><Domn><Cd>PMNT</Cd><Fmly><Cd>RCDT</Cd><SubFmlyCd>DMCT</SubFmlyCd></Fmly></Domn></BkTxCd><NtryDtls><TxDtls><Refs><EndToEndId>E2E-8a389762-ef91-4aec-9b6b-ded39b33bfd5</EndToEndId><TxId>TX-6eb80806-2b54-44f6-837d-7281ee1f0844</TxId><UETR>177c87dc-f206-4993-ad43-8679deff4dd1</UETR></Refs><RltdPties><Cdtr><Nm>Wayne Enterprises</Nm></Cdtr><CdtrAcct><Id><IBAN>PT9956738088106134760906</IBAN></Id></CdtrAcct><Dbtr><Nm>Aperture Science</Nm></Dbtr><DbtrAcct><Id><IBAN>DE9920558568454482068979</IBAN></Id></DbtrAcct></RltdPties><RltdAgts><CdtrAgt><FinInstnId><BICFI>WFBKIE3A</BICFI></FinInstnId></CdtrAgt><DbtrAgt><FinInstnId><BICFI>BNPAES5C</BICFI></FinInstnId></DbtrAgt></RltdAgts><RmtInf><Ustrd>Payroll batch</Ustrd></RmtInf></TxDtls></NtryDtls></Ntry><Bal><Tp><CdOrPrtry><Cd>CLBD</Cd></CdOrPrtry></Tp><Amt Ccy="GBP">198755.31</Amt><CdtDbtInd>CRDT</CdtDbtInd><Dt><Dt>2025-08-19</Dt></Dt></Bal><AddtlStmtInf>All entries represent wire transactions (domestic/cross-border). Fees modeled mixed (separate CHRG entries or netted).</AddtlStmtInf></Stmt></BkToCstmrStmt></Document>