<?xml version='1.0' encoding='utf-8'?>
<Document xmlns="urn:iso:std:iso:20022:tech:xsd:camt.053.001.08"><BkToCstmrStmt><GrpHdr><MsgId>MSG-c8c42984-98d8-442c-8664-baa45d2b9547</MsgId><CreDtTm>2025-09-11T17:04:58Z</CreDtTm></GrpHdr><Stmt><Id>WIRE-STAT-20250814-02</Id><ElctrncSeqNb>2</ElctrncSeqNb><LglSeqNb>2</LglSeqNb><CreDtTm>2025-09-11T17:04:58Z</CreDtTm><Acct><Id><IBAN>FR9995394278000388660064</IBAN></Id><Ownr><Nm>Sunrise Builders Inc.</Nm></Ownr><Svcr><FinInstnId><BICFI>NATAGB2L</BICFI></FinInstnId></Svcr></Acct><AcctSvcr>SOGEUS6D</AcctSvcr><FrToDt><Fr>2025-08-14</Fr><To>2025-08-15</To></FrToDt><Bal><Tp><CdOrPrtry><Cd>OPBD</Cd></CdOrPrtry></Tp><Amt Ccy="USD">223216.73</Amt><CdtDbtInd>CRDT</CdtDbtInd><Dt><Dt>2025-08-14</Dt></Dt></Bal><Ntry><Amt Ccy="USD">12606.34</Amt><CdtDbtInd>DBIT</CdtDbtInd><Sts>BOOK</Sts><BookgDt><Dt>2025-08-14</Dt></BookgDt><ValDt><Dt>2025-08-14</Dt></ValDt><BkTxCd><Domn><Cd>PMNT</Cd><Fmly><Cd>ICDT</Cd><SubFmlyCd>XCRT</SubFmlyCd></Fmly></Domn></BkTxCd><NtryDtls><TxDtls><Refs><EndToEndId>E2E-6a811b09-7d1c-4fbd-8544-78d36bbfd956</EndToEndId><TxId>TX-aca44939-8b97-46d8-bb5b-e77b1fbc1624</TxId><UETR>9fe1573c-b6bd-4e3e-9d99-6ff5d43ae843</UETR></Refs><RltdPties><Cdtr><Nm>Globex Corp</Nm></Cdtr><CdtrAcct><Id><IBAN>ES9988740076665420893267</IBAN></Id></CdtrAcct><Dbtr><Nm>Cyberdyne Systems</Nm></Dbtr><DbtrAcct><Id><IBAN>NL9900264439028136214251</IBAN></Id></DbtrAcct></RltdPties><RltdAgts><CdtrAgt><FinInstnId><BICFI>SOGEFR3A</BICFI></FinInstnId></CdtrAgt><DbtrAgt><FinInstnId><BICFI>RABOUS5C</BICFI></FinInstnId></DbtrAgt></RltdAgts><RmtInf><Ustrd>Refund</Ustrd></RmtInf></TxDtls></NtryDtls></Ntry><Ntry><Amt Ccy="USD">33.46</Amt><CdtDbtInd>DBIT</CdtDbtInd><Sts>BOOK</Sts><BookgDt><Dt>2025-08-14</Dt></BookgDt><ValDt><Dt>2025-08-14</Dt></ValDt><BkTxCd><Domn><Cd>CHRG</Cd><Fmly><Cd>CHRG</Cd><SubFmlyCd>OTHR</SubFmlyCd></Fmly></Domn></BkTxCd><NtryDtls><TxDtls><Refs><EndToEndId>E2E-09c5c381-4286-4e12-9d3d-178843329dac</EndToEndId><TxId>TX-567f4082-cee2-4b53-a913-dba342b137b8</TxId><UETR>6423ade8-e982-4cc5-b655-00c79d530ed2</UETR></Refs><RmtInf><Ustrd>Wire processing fee</Ustrd></RmtInf></TxDtls></NtryDtls></Ntry><Ntry><Amt Ccy="USD">3539.80</Amt><CdtDbtInd>CRDT</CdtDbtInd><Sts>BOOK</Sts><BookgDt><Dt>2025-08-14</Dt></BookgDt><ValDt><Dt>2025-08-14</Dt></ValDt><BkTxCd><Domn><Cd>PMNT</Cd><Fmly><Cd>RCDT</Cd><SubFmlyCd>DMCT</SubFmlyCd></Fmly></Domn></BkTxCd><NtryDtls><TxDtls><Refs><EndToEndId>E2E-e99930c6-0f95-4ede-850a-b762634ab4e7</EndToEndId><TxId>TX-f4812059-0aa6-465d-a1c3-4b51246d61ee</TxId><UETR>7be464c2-5b22-4324-b17f-52ed82698001</UETR></Refs><RltdPties><Cdtr><Nm>Wayne Enterprises</Nm></Cdtr><CdtrAcct><Id><IBAN>ES9927836576830213122835</IBAN></Id></CdtrAcct><Dbtr><Nm>Aperture Science</Nm></Dbtr><DbtrAcct><Id><IBAN>IE9954937063803093590966</IBAN></Id></DbtrAcct></RltdPties><RltdAgts><CdtrAgt><FinInstnId><BICFI>BARCNL4B</BICFI></FinInstnId></CdtrAgt><DbtrAgt><FinInstnId><BICFI>SOGEBE6D</BICFI></FinInstnId></DbtrAgt></RltdAgts><RmtInf><Ustrd>Vendor settlement</Ustrd></RmtInf></TxDtls></NtryDtls></Ntry><Ntry><Amt Ccy="USD">7922.71</Amt><CdtDbtInd>CRDT</CdtDbtInd><Sts>BOOK</Sts><BookgDt><Dt>2025-08-14</Dt></BookgDt><ValDt><Dt>2025-08-14</Dt></ValDt><BkTxCd><Domn><Cd>PMNT</Cd><Fmly><Cd>RCDT</Cd><SubFmlyCd>XCRT</SubFmlyCd></Fmly></Domn></BkTxCd><NtryDtls><TxDtls><Refs><EndToEndId>E2E-c8f08b12-bb82-4e37-94aa-0d159a0e532b</EndToEndId><TxId>TX-7183be1e-3c25-471f-897e-cd630eb7b4da</TxId><UETR>dced61c3-5f0e-444b-9fbf-d8ff7c9375e1</UETR></Refs><RltdPties><Cdtr><Nm>Globex Corp</Nm></Cdtr><CdtrAcct><Id><IBAN>BE9925579008274076710030</IBAN></Id></CdtrAcct><Dbtr><Nm>Cyberdyne Systems</Nm></Dbtr><DbtrAcct><Id><IBAN>PT9978565937741881932330</IBAN></Id></DbtrAcct></RltdPties><RltdAgts><CdtrAgt><FinInstnId><BICFI>WFBKNL4B</BICFI></FinInstnId></CdtrAgt><DbtrAgt><FinInstnId><BICFI>CHASES5C</BICFI></FinInstnId></DbtrAgt></RltdAgts><RmtInf><Ustrd>Refund</Ustrd></RmtInf></TxDtls></NtryDtls></Ntry><Ntry><Amt Ccy="USD">13320.91</Amt><CdtDbtInd>CRDT</CdtDbtInd><Sts>BOOK</Sts><BookgDt><Dt>2025-08-14</Dt></BookgDt><ValDt><Dt>2025-08-14</Dt></ValDt><BkTxCd><Domn><Cd>PMNT</Cd><Fmly><Cd>RCDT</Cd><SubFmlyCd>XCRT</SubFmlyCd></Fmly></Domn></BkTxCd><NtryDtls><TxDtls><Refs><EndToEndId>E2E-bdac847a-e1e1-47d7-b6df-9348df0eaebd</EndToEndId><TxId>TX-79c52cdd-f9c4-4d58-aee4-2d74bec34542</TxId><UETR>71105a83-6b46-4b2d-8101-94166be06864</UETR></Refs><RltdPties><Cdtr><Nm>Initech Ltd</Nm></Cdtr><CdtrAcct><Id><IBAN>ES9981613282514020964712</IBAN></Id></CdtrAcct><Dbtr><Nm>Pied Piper LLC</Nm></Dbtr><DbtrAcct><Id><IBAN>IT9994264493330079749759</IBAN></Id></DbtrAcct></RltdPties><RltdAgts><CdtrAgt><FinInstnId><BICFI>BARCGB2X</BICFI></FinInstnId></CdtrAgt><DbtrAgt><FinInstnId><BICFI>BARCES5C</BICFI></FinInstnId></DbtrAgt></RltdAgts><RmtInf><Ustrd>Wire payment</Ustrd></RmtInf></TxDtls></NtryDtls></Ntry><Ntry><Amt Ccy="USD">29.02</Amt><CdtDbtInd>DBIT</CdtDbtInd><Sts>BOOK</Sts><BookgDt><Dt>2025-08-14</Dt></BookgDt><ValDt><Dt>2025-08-14</Dt></ValDt><BkTxCd><Domn><Cd>CHRG</Cd><Fmly><Cd>CHRG</Cd><SubFmlyCd>OTHR</SubFmlyCd></Fmly></Domn></BkTxCd><NtryDtls><TxDtls><Refs><EndToEndId>E2E-ef193377-6e38-473e-9de3-392dfc6f95db</EndToEndId><TxId>TX-22536532-3d78-4a57-b3f4-266b53338aab</TxId><UETR>a0cc6db1-55f6-4dcd-ae2d-11a84212e5d3</UETR></Refs><RmtInf><Ustrd>Wire processing fee</Ustrd></RmtInf></TxDtls></NtryDtls></Ntry><Ntry><Amt Ccy="USD">19947.86</Amt><CdtDbtInd>DBIT</CdtDbtInd><Sts>BOOK</Sts><BookgDt><Dt>2025-08-14</Dt></BookgDt><ValDt><Dt>2025-08-14</Dt></ValDt><BkTxCd><Domn><Cd>PMNT</Cd><Fmly><Cd>ICDT</Cd><SubFmlyCd>DMCT</SubFmlyCd></Fmly></Domn></BkTxCd><NtryDtls><TxDtls><Refs><EndToEndId>E2E-f1d09f5b-c013-43d1-95d8-417991880b0f</EndToEndId><TxId>TX-1b7c7bfd-f684-4986-bbe1-384b408250a3</TxId><UETR>1df6b2a3-a226-4795-88d2-6982175a38f1</UETR></Refs><RltdPties><Cdtr><Nm>Wayne Enterprises</Nm></Cdtr><CdtrAcct><Id><IBAN>ES9912621929842359222385</IBAN></Id></CdtrAcct><Dbtr><Nm>Pied Piper LLC</Nm></Dbtr><DbtrAcct><Id><IBAN>AT9922070955773128697063</IBAN></Id></DbtrAcct></RltdPties><RltdAgts><CdtrAgt><FinInstnId><BICFI>CHASFR2L</BICFI></FinInstnId></CdtrAgt><DbtrAgt><FinInstnId><BICFI>SOGEUS2L</BICFI></FinInstnId></DbtrAgt></RltdAgts><RmtInf><Ustrd>INV 60891</Ustrd></RmtInf></TxDtls></NtryDtls></Ntry><Ntry><Amt Ccy="USD">44.27</Amt><CdtDbtInd>DBIT</CdtDbtInd><Sts>BOOK</Sts><BookgDt><Dt>2025-08-14</Dt></BookgDt><ValDt><Dt>2025-08-14</Dt></ValDt><BkTxCd><Domn><Cd>CHRG</Cd><Fmly><Cd>CHRG</Cd><SubFmlyCd>OTHR</SubFmlyCd></Fmly></Domn></BkTxCd><NtryDtls><TxDtls><Refs><EndToEndId>E2E-4a97a65b-02d6-4e28-8db4-d67691cdb4d6</EndToEndId><TxId>TX-a36d8b4c-e143-4ab0-a199-4c6624797b0c</TxId><UETR>496ab396-93ad-4b5b-9474-d95a49432b01</UETR></Refs><RmtInf><Ustrd>Wire processing fee</Ustrd></RmtInf></TxDtls></NtryDtls></Ntry><Ntry><Amt Ccy="USD">18256.00</Amt><CdtDbtInd>CRDT</CdtDbtInd><Sts>BOOK</Sts><BookgDt><Dt>2025-08-14</Dt></BookgDt><ValDt><Dt>2025-08-14</Dt></ValDt><BkTxCd><Domn><Cd>PMNT</Cd><Fmly><Cd>RCDT</Cd><SubFmlyCd>DMCT</SubFmlyCd></Fmly></Domn></BkTxCd><NtryDtls><TxDtls><Refs><EndToEndId>E2E-4bad295b-38d2-4da1-8fa2-b3621ef6fb22</EndToEndId><TxId>TX-277fb2d5-cef2-452c-b564-789ef5399d29</TxId><UETR>c411c2df-4730-4909-8d97-7cccc0120272</UETR></Refs><RltdPties><Cdtr><Nm>Globex Corp</Nm></Cdtr><CdtrAcct><Id><IBAN>NL9965763523874229511097</IBAN></Id></CdtrAcct><Dbtr><Nm>Blue Sun Corp</Nm></Dbtr><DbtrAcct><Id><IBAN>IT9971339229112661478944</IBAN></Id></DbtrAcct></RltdPties><RltdAgts><CdtrAgt><FinInstnId><BICFI>CITINL2X</BICFI></FinInstnId></CdtrAgt><DbtrAgt><FinInstnId><BICFI>WFBKNL2X</BICFI></FinInstnId></DbtrAgt></RltdAgts><RmtInf><Ustrd>Refund</Ustrd></RmtInf></TxDtls></NtryDtls></Ntry><Ntry><Amt Ccy="USD">41.24</Amt><CdtDbtInd>DBIT</CdtDbtInd><Sts>BOOK</Sts><BookgDt><Dt>2025-08-14</Dt></BookgDt><ValDt><Dt>2025-08-14</Dt></ValDt><BkTxCd><Domn><Cd>CHRG</Cd><Fmly><Cd>CHRG</Cd><SubFmlyCd>OTHR</SubFmlyCd></Fmly></Domn></BkTxCd><NtryDtls><TxDtls><Refs><EndToEndId>E2E-79f6c85e-e689-4a40-b28c-de8d4acaa89d</EndToEndId><TxId>TX-4a9ba662-62e0-4d4a-9fef-561b9e8a93f5</TxId><UETR>b6d1f305-2c77-4cfb-ae81-17f965fe1040</UETR></Refs><RmtInf><Ustrd>Wire processing fee</Ustrd></RmtInf></TxDtls></NtryDtls></Ntry><Ntry><Amt Ccy="USD">8644.78</Amt><CdtDbtInd>DBIT</CdtDbtInd><Sts>BOOK</Sts><BookgDt><Dt>2025-08-14</Dt></BookgDt><ValDt><Dt>2025-08-14</Dt></ValDt><BkTxCd><Domn><Cd>PMNT</Cd><Fmly><Cd>ICDT</Cd><SubFmlyCd>XCRT</SubFmlyCd></Fmly></Domn></BkTxCd><NtryDtls><TxDtls><Refs><EndToEndId>E2E-7fb4189b-acd2-4eb5-98bf-8f8640610dc5</EndToEndId><TxId>TX-b18d4078-66ce-4f68-b624-3de68e45935f</TxId><UETR>b6496aad-6df7-4b16-b30f-0fd0b1e4536d</UETR></Refs><RltdPties><Cdtr><Nm>Vandelay Imports</Nm></Cdtr><CdtrAcct><Id><IBAN>DE9931793137155234216639</IBAN></Id></CdtrAcct><Dbtr><Nm>Blue Sun Corp</Nm></Dbtr><DbtrAcct><Id><IBAN>GB9944234190721398641487</IBAN></Id></DbtrAcct></RltdPties><RltdAgts><CdtrAgt><FinInstnId><BICFI>DEUTNL2X</BICFI></FinInstnId></CdtrAgt><DbtrAgt><FinInstnId><BICFI>SOGEDE3A</BICFI></FinInstnId></DbtrAgt></RltdAgts><RmtInf><Ustrd>INV 97994</Ustrd></RmtInf></TxDtls></NtryDtls></Ntry><Ntry><Amt Ccy="USD">24.04</Amt><CdtDbtInd>DBIT</CdtDbtInd><Sts>BOOK</Sts><BookgDt><Dt>2025-08-14</Dt></BookgDt><ValDt><Dt>2025-08-14</Dt></ValDt><BkTxCd><Domn><Cd>CHRG</Cd><Fmly><Cd>CHRG</Cd><SubFmlyCd>OTHR</SubFmlyCd></Fmly></Domn></BkTxCd><NtryDtls><TxDtls><Refs><EndToEndId>E2E-8dcb12bf-b2ee-463c-99b8-30bdce08bffd</EndToEndId><TxId>TX-866ad857-0220-4a64-8565-372d831edbf0</TxId><UETR>59306d4e-01ad-40f9-9320-19e0d712d521</UETR></Refs><RmtInf><Ustrd>Wire processing fee</Ustrd></RmtInf></TxDtls></NtryDtls></Ntry><Ntry><Amt Ccy="USD">6001.11</Amt><CdtDbtInd>CRDT</CdtDbtInd><Sts>BOOK</Sts><BookgDt><Dt>2025-08-14</Dt></BookgDt><ValDt><Dt>2025-08-14</Dt></ValDt><BkTxCd><Domn><Cd>PMNT</Cd><Fmly><Cd>RCDT</Cd><SubFmlyCd>DMCT</SubFmlyCd></Fmly></Domn></BkTxCd><NtryDtls><TxDtls><Refs><EndToEndId>E2E-e5b4f936-0302-4bfc-902c-e13cbe1044e3</EndToEndId><TxId>TX-0bee253d-acdb-4e6e-a364-af93562d6b95</TxId><UETR>c517cb66-6254-409a-a608-495a71a620e5</UETR></Refs><RltdPties><Cdtr><Nm>Initech Ltd</Nm></Cdtr><CdtrAcct><Id><IBAN>NL9941395690261556826576</IBAN></Id></CdtrAcct><Dbtr><Nm>Cyberdyne Systems</Nm></Dbtr><DbtrAcct><Id><IBAN>AT9954061577342141131569</IBAN></Id></DbtrAcct></RltdPties><RltdAgts><CdtrAgt><FinInstnId><BICFI>SOGENL2X</BICFI></FinInstnId></CdtrAgt><DbtrAgt><FinInstnId><BICFI>CHASGB5C</BICFI></FinInstnId></DbtrAgt></RltdAgts><RmtInf><Ustrd>INV 54484</Ustrd></RmtInf></TxDtls></NtryDtls></Ntry><Ntry><Amt Ccy="USD">15108.48</Amt><CdtDbtInd>CRDT</CdtDbtInd><Sts>BOOK</Sts><BookgDt><Dt>2025-08-14</Dt></BookgDt><ValDt><Dt>2025-08-14</Dt></ValDt><BkTxCd><Domn><Cd>PMNT</Cd><Fmly><Cd>RCDT</Cd><SubFmlyCd>DMCT</SubFmlyCd></Fmly></Domn></BkTxCd><NtryDtls><TxDtls><Refs><EndToEndId>E2E-31be123f-dc86-449d-97b9-6ba215c91648</EndToEndId><TxId>TX-5d858aad-2923-42fa-9983-333956f30762</TxId><UETR>ab285742-1b10-49a1-9517-534d0e040729</UETR></Refs><RltdPties><Cdtr><Nm>Vandelay Imports</Nm></Cdtr><CdtrAcct><Id><IBAN>DE9989839841565226395201</IBAN></Id></CdtrAcct><Dbtr><Nm>Blue Sun Corp</Nm></Dbtr><DbtrAcct><Id><IBAN>IT9998968772500942252431</IBAN></Id></DbtrAcct></RltdPties><RltdAgts><CdtrAgt><FinInstnId><BICFI>NATAES4B</BICFI></FinInstnId></CdtrAgt><DbtrAgt><FinInstnId><BICFI>BARCBE2X</BICFI></FinInstnId></DbtrAgt></RltdAgts><RmtInf><Ustrd>Vendor settlement</Ustrd></RmtInf></TxDtls></NtryDtls></Ntry><Ntry><Amt Ccy="USD">6697.13</Amt><CdtDbtInd>DBIT</CdtDbtInd><Sts>BOOK</Sts><BookgDt><Dt>2025-08-14</Dt></BookgDt><ValDt><Dt>2025-08-14</Dt></ValDt><BkTxCd><Domn><Cd>PMNT</Cd><Fmly><Cd>ICDT</Cd><SubFmlyCd>DMCT</SubFmlyCd></Fmly></Domn></BkTxCd><NtryDtls><TxDtls><Refs><EndToEndId>E2E-40c07e56-3575-4e9f-bd00-cad5a4cc64d2</EndToEndId><TxId>TX-b00ef195-c8c3-4069-95ec-b7d651424829</TxId><UETR>b1889f74-bc8f-42a1-8e73-f99d3b6dea67</UETR></Refs><RltdPties><Cdtr><Nm>Vandelay Imports</Nm></Cdtr><CdtrAcct><Id><IBAN>AT9989930365731867586925</IBAN></Id></CdtrAcct><Dbtr><Nm>Aperture Science</Nm></Dbtr><DbtrAcct><Id><IBAN>AT9982460726060056714978</IBAN></Id></DbtrAcct></RltdPties><RltdAgts><CdtrAgt><FinInstnId><BICFI>CITINL5C</BICFI></FinInstnId></CdtrAgt><DbtrAgt><FinInstnId><BICFI>SOGEBE4B</BICFI></FinInstnId></DbtrAgt></RltdAgts><RmtInf><Ustrd>INV 57225</Ustrd></RmtInf></TxDtls></NtryDtls></Ntry><Ntry><Amt Ccy="USD">9.58</Amt><CdtDbtInd>DBIT</CdtDbtInd><Sts>BOOK</Sts><BookgDt><Dt>2025-08-14</Dt></BookgDt><ValDt><Dt>2025-08-14</Dt></ValDt><BkTxCd><Domn><Cd>CHRG</Cd><Fmly><Cd>CHRG</Cd><SubFmlyCd>OTHR</SubFmlyCd></Fmly></Domn></BkTxCd><NtryDtls><TxDtls><Refs><EndToEndId>E2E-a7b7fb3e-f5a3-4b3c-b0bf-896b0218787b</EndToEndId><TxId>TX-d0845c4f-e34c-461f-b98f-d0948b064c8f</TxId><UETR>84e18e88-6159-4e30-9ca2-9972da844b66</UETR></Refs><RmtInf><Ustrd>Wire processing fee</Ustrd></RmtInf></TxDtls></NtryDtls></Ntry><Ntry><Amt Ccy="USD">5262.95</Amt><CdtDbtInd>CRDT</CdtDbtInd><Sts>BOOK</Sts><BookgDt><Dt>2025-08-14</Dt></BookgDt><ValDt><Dt>2025-08-14</Dt></ValDt><BkTxCd><Domn><Cd>PMNT</Cd><Fmly><Cd>RCDT</Cd><SubFmlyCd>XCRT</SubFmlyCd></Fmly></Domn></BkTxCd><NtryDtls><TxDtls><Refs><EndToEndId>E2E-43744dee-6e32-4a2a-acf2-f22892f9fa8a</EndToEndId><TxId>TX-eea605c1-d9ef-4789-bd67-4ac75b18498c</TxId><UETR>da524426-674e-4bed-a8ea-110847bdda19</UETR></Refs><RltdPties><Cdtr><Nm>Vandelay Imports</Nm></Cdtr><CdtrAcct><Id><IBAN>IE9997097970449963390342</IBAN></Id></CdtrAcct><Dbtr><Nm>Pied Piper LLC</Nm></Dbtr><DbtrAcct><Id><IBAN>PT9974033376735453738230</IBAN></Id></DbtrAcct></RltdPties><RltdAgts><CdtrAgt><FinInstnId><BICFI>SOGEDE2X</BICFI></FinInstnId></CdtrAgt><DbtrAgt><FinInstnId><BICFI>DEUTFR4B</BICFI></FinInstnId></DbtrAgt></RltdAgts><RmtInf><Ustrd>Payroll batch</Ustrd></RmtInf></TxDtls></NtryDtls></Ntry><Ntry><Amt Ccy="USD">10.96</Amt><CdtDbtInd>DBIT</CdtDbtInd><Sts>BOOK</Sts><BookgDt><Dt>2025-08-14</Dt></BookgDt><ValDt><Dt>2025-08-14</Dt></ValDt><BkTxCd><Domn><Cd>CHRG</Cd><Fmly><Cd>CHRG</Cd><SubFmlyCd>OTHR</SubFmlyCd></Fmly></Domn></BkTxCd><NtryDtls><TxDtls><Refs><EndToEndId>E2E-09f9f877-ad28-4cf2-a747-4b83a4b08c9f</EndToEndId><TxId>TX-5970024f-4546-4291-8f5b-371673bbd6ee</TxId><UETR>7075491b-f5ce-43c4-8831-f992396c02b4</UETR></Refs><RmtInf><Ustrd>Wire processing fee</Ustrd></RmtInf></TxDtls></NtryDtls></Ntry><Ntry><Amt Ccy="USD">11085.95</Amt><CdtDbtInd>CRDT</CdtDbtInd><Sts>BOOK</Sts><BookgDt><Dt>2025-08-14</Dt></BookgDt><ValDt><Dt>2025-08-14</Dt></ValDt><BkTxCd><Domn><Cd>PMNT</Cd><Fmly><Cd>RCDT</Cd><SubFmlyCd>DMCT</SubFmlyCd></Fmly></Domn></BkTxCd><NtryDtls><TxDtls><Refs><EndToEndId>E2E-2088236e-a5ca-4c68-a4b4-5905a55fea67</EndToEndId><TxId>TX-d5ddd119-c3df-480a-a627-fc66b54412e9</TxId><UETR>d12ddcf7-133a-4a8e-8064-cbf5965622fc</UETR></Refs><RltdPties><Cdtr><Nm>Stark Industries</Nm></Cdtr><CdtrAcct><Id><IBAN>PT9903657951295419306515</IBAN></Id></CdtrAcct><Dbtr><Nm>Blue Sun Corp</Nm></Dbtr><DbtrAcct><Id><IBAN>GB9978943079801958808443</IBAN></Id></DbtrAcct></RltdPties><RltdAgts><CdtrAgt><FinInstnId><BICFI>CITIFR3A</BICFI></FinInstnId></CdtrAgt><DbtrAgt><FinInstnId><BICFI>WFBKES6D</BICFI></FinInstnId></DbtrAgt></RltdAgts><RmtInf><Ustrd>INV 25657</Ustrd></RmtInf></TxDtls></NtryDtls></Ntry><Ntry><Amt Ccy="USD">18288.06</Amt><CdtDbtInd>DBIT</CdtDbtInd><Sts>BOOK</Sts><BookgDt><Dt>2025-08-14</Dt></BookgDt><ValDt><Dt>2025-08-14</Dt></ValDt><BkTxCd><Domn><Cd>PMNT</Cd><Fmly><Cd>ICDT</Cd><SubFmlyCd>XCRT</SubFmlyCd></Fmly></Domn></BkTxCd><NtryDtls><TxDtls><Refs><EndToEndId>E2E-e91df723-257a-4b6c-842d-225f95e46e30</EndToEndId><TxId>TX-7625909d-e397-4c2e-b1a1-2327b5788837</TxId><UETR>d7315625-b861-4961-9c33-b0ef40754598</UETR></Refs><RltdPties><Cdtr><Nm>Vandelay Imports</Nm></Cdtr><CdtrAcct><Id><IBAN>NL9924549788559787243756</IBAN></Id></CdtrAcct><Dbtr><Nm>Aperture Science</Nm></Dbtr><DbtrAcct><Id><IBAN>GB9900958726881795046986</IBAN></Id></DbtrAcct></RltdPties><RltdAgts><CdtrAgt><FinInstnId><BICFI>CHASGB3A</BICFI></FinInstnId></CdtrAgt><DbtrAgt><FinInstnId><BICFI>CHASFR6D</BICFI></FinInstnId></DbtrAgt></RltdAgts><RmtInf><Ustrd>Refund</Ustrd></RmtInf></TxDtls></NtryDtls></Ntry><Ntry><Amt Ccy="USD">10814.43</Amt><CdtDbtInd>DBIT</CdtDbtInd><Sts>BOOK</Sts><BookgDt><Dt>2025-08-14</Dt></BookgDt><ValDt><Dt>2025-08-14</Dt></ValDt><BkTxCd><Domn><Cd>PMNT</Cd><Fmly><Cd>ICDT</Cd><SubFmlyCd>DMCT</SubFmlyCd></Fmly></Domn></BkTxCd><NtryDtls><TxDtls><Refs><EndToEndId>E2E-9c143046-8ae4-4a4e-8600-ced15eadb969</EndToEndId><TxId>TX-c54e0f1a-0131-4f34-92d0-ff92ef709566</TxId><UETR>4bf42904-6f08-40fd-b31d-dd3d9d26c38e</UETR></Refs><RltdPties><Cdtr><Nm>Globex Corp</Nm></Cdtr><CdtrAcct><Id><IBAN>AT9938893962076571108804</IBAN></Id></CdtrAcct><Dbtr><Nm>Wonka Industries</Nm></Dbtr><DbtrAcct><Id><IBAN>GB9952468192849723126705</IBAN></Id></DbtrAcct></RltdPties><RltdAgts><CdtrAgt><FinInstnId><BICFI>RABONL6D</BICFI></FinInstnId></CdtrAgt><DbtrAgt><FinInstnId><BICFI>WFBKIE4B</BICFI></FinInstnId></DbtrAgt></RltdAgts><RmtInf><Ustrd>Wire payment</Ustrd></RmtInf></TxDtls></NtryDtls></Ntry><Ntry><Amt Ccy="USD">18.63</Amt><CdtDbtInd>DBIT</CdtDbtInd><Sts>BOOK</Sts><BookgDt><Dt>2025-08-14</Dt></BookgDt><ValDt><Dt>2025-08-14</Dt></ValDt><BkTxCd><Domn><Cd>CHRG</Cd><Fmly><Cd>CHRG</Cd><SubFmlyCd>OTHR</SubFmlyCd></Fmly></Domn></BkTxCd><NtryDtls><TxDtls><Refs><EndToEndId>E2E-6adcd40a-d8df-434c-a7d1-5e4fc530bbb3</EndToEndId><TxId>TX-37ec70bd-ef77-4a8f-a93e-b67a23274837</TxId><UETR>8970c441-a901-4c54-8907-c755486c1841</UETR></Refs><RmtInf><Ustrd>Wire processing fee</Ustrd></RmtInf></TxDtls></NtryDtls></Ntry><Ntry><Amt Ccy="USD">3996.46</Amt><CdtDbtInd>DBIT</CdtDbtInd><Sts>BOOK</Sts><BookgDt><Dt>2025-08-14</Dt></BookgDt><ValDt><Dt>2025-08-14</Dt></ValDt><BkTxCd><Domn><Cd>PMNT</Cd><Fmly><Cd>ICDT</Cd><SubFmlyCd>XCRT</SubFmlyCd></Fmly></Domn></BkTxCd><NtryDtls><TxDtls><Refs><EndToEndId>E2E-41b34063-ae9e-4a55-b3d8-64d71b2f9f63</EndToEndId><TxId>TX-ffefed1c-5d52-46be-9099-eb6b0cd3aebf</TxId><UETR>2d4322a6-415a-4140-91fd-cc4b4ddebdb0</UETR></Refs><RltdPties><Cdtr><Nm>Umbrella Co</Nm></Cdtr><CdtrAcct><Id><IBAN>FR9994814356887763998211</IBAN></Id></CdtrAcct><Dbtr><Nm>Pied Piper LLC</Nm></Dbtr><DbtrAcct><Id><IBAN>BE9927212305371936212545</IBAN></Id></DbtrAcct></RltdPties><RltdAgts><CdtrAgt><FinInstnId><BICFI>CHASIE4B</BICFI></FinInstnId></CdtrAgt><DbtrAgt><FinInstnId><BICFI>HSBCES5C</BICFI></FinInstnId></DbtrAgt></RltdAgts><RmtInf><Ustrd>INV 12280</Ustrd></RmtInf></TxDtls></NtryDtls></Ntry><Ntry><Amt Ccy="USD">5.00</Amt><CdtDbtInd>DBIT</CdtDbtInd><Sts>BOOK</Sts><BookgDt><Dt>2025-08-14</Dt></BookgDt><ValDt><Dt>2025-08-14</Dt></ValDt><BkTxCd><Domn><Cd>CHRG</Cd><Fmly><Cd>CHRG</Cd><SubFmlyCd>OTHR</SubFmlyCd></Fmly></Domn></BkTxCd><NtryDtls><TxDtls><Refs><EndToEndId>E2E-3d0d942d-427a-45cc-afbb-2b02d509c3f6</EndToEndId><TxId>TX-e0aab9b0-5104-43e7-82f2-5aae809caf06</TxId><UETR>4eb91355-25f6-49a1-9cca-915b8a935b2d</UETR></Refs><RmtInf><Ustrd>Wire processing fee</Ustrd></RmtInf></TxDtls></NtryDtls></Ntry><Ntry><Amt Ccy="USD">14208.25</Amt><CdtDbtInd>DBIT</CdtDbtInd><Sts>BOOK</Sts><BookgDt><Dt>2025-08-14</Dt></BookgDt><ValDt><Dt>2025-08-14</Dt></ValDt><BkTxCd><Domn><Cd>PMNT</Cd><Fmly><Cd>ICDT</Cd><SubFmlyCd>DMCT</SubFmlyCd></Fmly></Domn></BkTxCd><NtryDtls><TxDtls><Refs><EndToEndId>E2E-71e8bcf9-720b-43a9-b6f3-9229edf9decf</EndToEndId><TxId>TX-68724346-fd21-4444-885c-7a874ca8f94c</TxId><UETR>60988865-14fe-4dd8-bff3-054c4eb2763c</UETR></Refs><RltdPties><Cdtr><Nm>Vandelay Imports</Nm></Cdtr><CdtrAcct><Id><IBAN>GB9932096247180827750704</IBAN></Id></CdtrAcct><Dbtr><Nm>Pied Piper LLC</Nm></Dbtr><DbtrAcct><Id><IBAN>DE9919528218434577175596</IBAN></Id></DbtrAcct></RltdPties><RltdAgts><CdtrAgt><FinInstnId><BICFI>RABOGB6D</BICFI></FinInstnId></CdtrAgt><DbtrAgt><FinInstnId><BICFI>BOFAFR4B</BICFI></FinInstnId></DbtrAgt></RltdAgts><RmtInf><Ustrd>Vendor settlement</Ustrd></RmtInf></TxDtls></NtryDtls></Ntry><Ntry><Amt Ccy="USD">27.41</Amt><CdtDbtInd>DBIT</CdtDbtInd><Sts>BOOK</Sts><BookgDt><Dt>2025-08-14</Dt></BookgDt><ValDt><Dt>2025-08-14</Dt></ValDt><BkTxCd><Domn><Cd>CHRG</Cd><Fmly><Cd>CHRG</Cd><SubFmlyCd>OTHR</SubFmlyCd></Fmly></Domn></BkTxCd><NtryDtls><TxDtls><Refs><EndToEndId>E2E-6af73115-5870-4dab-90af-8ee1b4558eb6</EndToEndId><TxId>TX-81f8fb67-6781-48ea-af74-cac98bc20840</TxId><UETR>4a403292-4e6d-40bd-92af-39d003a15121</UETR></Refs><RmtInf><Ustrd>Wire processing fee</Ustrd></RmtInf></TxDtls></NtryDtls></Ntry><Ntry><Amt Ccy="USD">2322.91</Amt><CdtDbtInd>DBIT</CdtDbtInd><Sts>BOOK</Sts><BookgDt><Dt>2025-08-14</Dt></BookgDt><ValDt><Dt>2025-08-14</Dt></ValDt><BkTxCd><Domn><Cd>PMNT</Cd><Fmly><Cd>ICDT</Cd><SubFmlyCd>XCRT</SubFmlyCd></Fmly></Domn></BkTxCd><NtryDtls><TxDtls><Refs><EndToEndId>E2E-bb062223-ffee-4bc5-9f62-046f1df0a877</EndToEndId><TxId>TX-2618848c-72ac-4197-ac7f-a742d7f165f0</TxId><UETR>df758d74-43fe-4125-8261-19160ef91b1c</UETR></Refs><RltdPties><Cdtr><Nm>Wayne Enterprises</Nm></Cdtr><CdtrAcct><Id><IBAN>AT9937611526982664564567</IBAN></Id></CdtrAcct><Dbtr><Nm>Blue Sun Corp</Nm></Dbtr><DbtrAcct><Id><IBAN>BE9968641649166129631963</IBAN></Id></DbtrAcct></RltdPties><RltdAgts><CdtrAgt><FinInstnId><BICFI>HSBCES6D</BICFI></FinInstnId></CdtrAgt><DbtrAgt><FinInstnId><BICFI>BARCIE2X</BICFI></FinInstnId></DbtrAgt></RltdAgts><RmtInf><Ustrd>Payroll batch</Ustrd></RmtInf></TxDtls></NtryDtls></Ntry><Ntry><Amt Ccy="USD">556.53</Amt><CdtDbtInd>DBIT</CdtDbtInd><Sts>BOOK</Sts><BookgDt><Dt>2025-08-14</Dt></BookgDt><ValDt><Dt>2025-08-14</Dt></ValDt><BkTxCd><Domn><Cd>PMNT</Cd><Fmly><Cd>ICDT</Cd><SubFmlyCd>DMCT</SubFmlyCd></Fmly></Domn></BkTxCd><NtryDtls><TxDtls><Refs><EndToEndId>E2E-88017342-6d10-423b-b1e9-7bbd80ddd9eb</EndToEndId><TxId>TX-3c1d273e-2eed-4af1-872b-08fcd3efd00e</TxId><UETR>f6f3c470-5fdb-4193-9456-61ad106aafd0</UETR></Refs><RltdPties><Cdtr><Nm>Initech Ltd</Nm></Cdtr><CdtrAcct><Id><IBAN>PT9954915495980786179868</IBAN></Id></CdtrAcct><Dbtr><Nm>Tyrell Corporation</Nm></Dbtr><DbtrAcct><Id><IBAN>BE9917343437418672628973</IBAN></Id></DbtrAcct></RltdPties><RltdAgts><CdtrAgt><FinInstnId><BICFI>WFBKIE3A</BICFI></FinInstnId></CdtrAgt><DbtrAgt><FinInstnId><BICFI>CHASIE2X</BICFI></FinInstnId></DbtrAgt></RltdAgts><RmtInf><Ustrd>INV 29103</Ustrd></RmtInf></TxDtls></NtryDtls></Ntry><Bal><Tp><CdOrPrtry><Cd>CLBD</Cd></CdOrPrtry></Tp><Amt Ccy="USD">205388.28</Amt><CdtDbtInd>CRDT</CdtDbtInd><Dt><Dt>2025-08-15</Dt></Dt></Bal><AddtlStmtInf>All entries represent wire transactions (domestic/cross-border). Fees modeled mixed (separate CHRG entries or netted).</AddtlStmtInf></Stmt></BkToCstmrStmt></Document>