<?xml version='1.0' encoding='utf-8'?>
<Document xmlns="urn:iso:std:iso:20022:tech:xsd:camt.053.001.08"><BkToCstmrStmt><GrpHdr><MsgId>MSG-0df136d4-83a6-4a98-883d-5169863dd7c0</MsgId><CreDtTm>2025-09-11T17:04:58Z</CreDtTm></GrpHdr><Stmt><Id>WIRE-STAT-20250815-03</Id><ElctrncSeqNb>3</ElctrncSeqNb><LglSeqNb>3</LglSeqNb><CreDtTm>2025-09-11T17:04:58Z</CreDtTm><Acct><Id><IBAN>ES9924771389806965093482</IBAN></Id><Ownr><Nm>Sunrise Builders Inc.</Nm></Ownr><Svcr><FinInstnId><BICFI>CITIGB3A</BICFI></FinInstnId></Svcr></Acct><AcctSvcr>HSBCNL3A</AcctSvcr><FrToDt><Fr>2025-08-15</Fr><To>2025-08-16</To></FrToDt><Bal><Tp><CdOrPrtry><Cd>OPBD</Cd></CdOrPrtry></Tp><Amt Ccy="USD">22255.65</Amt><CdtDbtInd>CRDT</CdtDbtInd><Dt><Dt>2025-08-15</Dt></Dt></Bal><Ntry><Amt Ccy="USD">17123.35</Amt><CdtDbtInd>DBIT</CdtDbtInd><Sts>BOOK</Sts><BookgDt><Dt>2025-08-15</Dt></BookgDt><ValDt><Dt>2025-08-15</Dt></ValDt><BkTxCd><Domn><Cd>PMNT</Cd><Fmly><Cd>ICDT</Cd><SubFmlyCd>XCRT</SubFmlyCd></Fmly></Domn></BkTxCd><NtryDtls><TxDtls><Refs><EndToEndId>E2E-6c150dde-967f-4c06-a480-f128d1d0242e</EndToEndId><TxId>TX-2b4b99e5-4d20-43f8-aeec-73d8cda57eb4</TxId><UETR>ad2e35ca-2856-4bbf-a538-96db0798d80a</UETR></Refs><RltdPties><Cdtr><Nm>Umbrella Co</Nm></Cdtr><CdtrAcct><Id><IBAN>GB9932985239442058362009</IBAN></Id></CdtrAcct><Dbtr><Nm>Blue Sun Corp</Nm></Dbtr><DbtrAcct><Id><IBAN>DE9924116709742472710348</IBAN></Id></DbtrAcct></RltdPties><RltdAgts><CdtrAgt><FinInstnId><BICFI>BOFAFR3A</BICFI></FinInstnId></CdtrAgt><DbtrAgt><FinInstnId><BICFI>NATAUS6D</BICFI></FinInstnId></DbtrAgt></RltdAgts><RmtInf><Ustrd>INV 14411</Ustrd></RmtInf></TxDtls></NtryDtls></Ntry><Ntry><Amt Ccy="USD">8531.46</Amt><CdtDbtInd>DBIT</CdtDbtInd><Sts>BOOK</Sts><BookgDt><Dt>2025-08-15</Dt></BookgDt><ValDt><Dt>2025-08-15</Dt></ValDt><BkTxCd><Domn><Cd>PMNT</Cd><Fmly><Cd>ICDT</Cd><SubFmlyCd>XCRT</SubFmlyCd></Fmly></Domn></BkTxCd><NtryDtls><TxDtls><Refs><EndToEndId>E2E-73d4ac41-dffc-404f-ab01-1696642dec65</EndToEndId><TxId>TX-807473b3-a40f-4e2e-994f-8b6c75599f39</TxId><UETR>2fe30fb3-6b75-4fee-b3d8-24aa403b55d2</UETR></Refs><RltdPties><Cdtr><Nm>Umbrella Co</Nm></Cdtr><CdtrAcct><Id><IBAN>PT9936939841597619100839</IBAN></Id></CdtrAcct><Dbtr><Nm>Aperture Science</Nm></Dbtr><DbtrAcct><Id><IBAN>DE9940448127287666829356</IBAN></Id></DbtrAcct></RltdPties><RltdAgts><CdtrAgt><FinInstnId><BICFI>NATAFR4B</BICFI></FinInstnId></CdtrAgt><DbtrAgt><FinInstnId><BICFI>BNPAUS5C</BICFI></FinInstnId></DbtrAgt></RltdAgts><RmtInf><Ustrd>Refund</Ustrd></RmtInf></TxDtls></NtryDtls></Ntry><Ntry><Amt Ccy="USD">8.40</Amt><CdtDbtInd>DBIT</CdtDbtInd><Sts>BOOK</Sts><BookgDt><Dt>2025-08-15</Dt></BookgDt><ValDt><Dt>2025-08-15</Dt></ValDt><BkTxCd><Domn><Cd>CHRG</Cd><Fmly><Cd>CHRG</Cd><SubFmlyCd>OTHR</SubFmlyCd></Fmly></Domn></BkTxCd><NtryDtls><TxDtls><Refs><EndToEndId>E2E-0ed5cda6-da74-4292-9f1d-9d2af7496a77</EndToEndId><TxId>TX-6f5d3b03-8ed8-4227-873e-5c45ee079442</TxId><UETR>0a400436-6f11-40d0-ad34-d30825b12e2e</UETR></Refs><RmtInf><Ustrd>Wire processing fee</Ustrd></RmtInf></TxDtls></NtryDtls></Ntry><Ntry><Amt Ccy="USD">19281.47</Amt><CdtDbtInd>CRDT</CdtDbtInd><Sts>BOOK</Sts><BookgDt><Dt>2025-08-15</Dt></BookgDt><ValDt><Dt>2025-08-15</Dt></ValDt><BkTxCd><Domn><Cd>PMNT</Cd><Fmly><Cd>RCDT</Cd><SubFmlyCd>DMCT</SubFmlyCd></Fmly></Domn></BkTxCd><NtryDtls><TxDtls><Refs><EndToEndId>E2E-05c9b2d7-1eac-48ba-82eb-f929c49e9b59</EndToEndId><TxId>TX-0c0af3e9-cf65-4a58-9ab2-a6353dc77273</TxId><UETR>ae462177-0fe2-49c0-acd8-7372d7fcab69</UETR></Refs><RltdPties><Cdtr><Nm>Vandelay Imports</Nm></Cdtr><CdtrAcct><Id><IBAN>FR9976816578470286725617</IBAN></Id></CdtrAcct><Dbtr><Nm>Blue Sun Corp</Nm></Dbtr><DbtrAcct><Id><IBAN>DE9960370539110838218251</IBAN></Id></DbtrAcct></RltdPties><RltdAgts><CdtrAgt><FinInstnId><BICFI>CITIUS5C</BICFI></FinInstnId></CdtrAgt><DbtrAgt><FinInstnId><BICFI>WFBKIE3A</BICFI></FinInstnId></DbtrAgt></RltdAgts><RmtInf><Ustrd>Wire payment</Ustrd></RmtInf></TxDtls></NtryDtls></Ntry><Ntry><Amt Ccy="USD">15.08</Amt><CdtDbtInd>DBIT</CdtDbtInd><Sts>BOOK</Sts><BookgDt><Dt>2025-08-15</Dt></BookgDt><ValDt><Dt>2025-08-15</Dt></ValDt><BkTxCd><Domn><Cd>CHRG</Cd><Fmly><Cd>CHRG</Cd><SubFmlyCd>OTHR</SubFmlyCd></Fmly></Domn></BkTxCd><NtryDtls><TxDtls><Refs><EndToEndId>E2E-19961fc7-f813-4b59-b6ef-9dd29095589b</EndToEndId><TxId>TX-7f660448-c6c7-41d9-ad17-48f2ac7179b9</TxId><UETR>bb2fb0c0-5079-46b7-b1cd-0d7c78159e48</UETR></Refs><RmtInf><Ustrd>Wire processing fee</Ustrd></RmtInf></TxDtls></NtryDtls></Ntry><Ntry><Amt Ccy="USD">13200.63</Amt><CdtDbtInd>CRDT</CdtDbtInd><Sts>BOOK</Sts><BookgDt><Dt>2025-08-15</Dt></BookgDt><ValDt><Dt>2025-08-15</Dt></ValDt><BkTxCd><Domn><Cd>PMNT</Cd><Fmly><Cd>RCDT</Cd><SubFmlyCd>XCRT</SubFmlyCd></Fmly></Domn></BkTxCd><NtryDtls><TxDtls><Refs><EndToEndId>E2E-b6fa5165-9d3a-4834-bbf1-20520fa4ccdb</EndToEndId><TxId>TX-8cea0665-92a0-427d-8009-2b2e292932d7</TxId><UETR>cff24945-7d9f-4c84-abc0-58420c2f1ac4</UETR></Refs><RltdPties><Cdtr><Nm>Vandelay Imports</Nm></Cdtr><CdtrAcct><Id><IBAN>IE9962518094982872736824</IBAN></Id></CdtrAcct><Dbtr><Nm>Aperture Science</Nm></Dbtr><DbtrAcct><Id><IBAN>NL9929984351062083616822</IBAN></Id></DbtrAcct></RltdPties><RltdAgts><CdtrAgt><FinInstnId><BICFI>CHASDE2X</BICFI></FinInstnId></CdtrAgt><DbtrAgt><FinInstnId><BICFI>SOGEDE3A</BICFI></FinInstnId></DbtrAgt></RltdAgts><RmtInf><Ustrd>Payroll batch</Ustrd></RmtInf></TxDtls></NtryDtls></Ntry><Ntry><Amt Ccy="USD">15.23</Amt><CdtDbtInd>DBIT</CdtDbtInd><Sts>BOOK</Sts><BookgDt><Dt>2025-08-15</Dt></BookgDt><ValDt><Dt>2025-08-15</Dt></ValDt><BkTxCd><Domn><Cd>CHRG</Cd><Fmly><Cd>CHRG</Cd><SubFmlyCd>OTHR</SubFmlyCd></Fmly></Domn></BkTxCd><NtryDtls><TxDtls><Refs><EndToEndId>E2E-fd289efb-29eb-4a1b-bf36-f3560d6dcc70</EndToEndId><TxId>TX-019fa976-3caf-4f60-acf2-86a602313f4d</TxId><UETR>150232b4-b54a-4c12-bae3-01c442e613b2</UETR></Refs><RmtInf><Ustrd>Wire processing fee</Ustrd></RmtInf></TxDtls></NtryDtls></Ntry><Ntry><Amt Ccy="USD">7065.66</Amt><CdtDbtInd>DBIT</CdtDbtInd><Sts>BOOK</Sts><BookgDt><Dt>2025-08-15</Dt></BookgDt><ValDt><Dt>2025-08-15</Dt></ValDt><BkTxCd><Domn><Cd>PMNT</Cd><Fmly><Cd>ICDT</Cd><SubFmlyCd>XCRT</SubFmlyCd></Fmly></Domn></BkTxCd><NtryDtls><TxDtls><Refs><EndToEndId>E2E-3171ea7c-46d1-45cb-a557-eb813c773723</EndToEndId><TxId>TX-54dfc9fc-d3aa-4fc2-8ef4-89f4e5a11b02</TxId><UETR>ebf47745-4482-4a00-98e2-4c6ea4f57d17</UETR></Refs><RltdPties><Cdtr><Nm>Initech Ltd</Nm></Cdtr><CdtrAcct><Id><IBAN>AT9999128845599684836786</IBAN></Id></CdtrAcct><Dbtr><Nm>Wonka Industries</Nm></Dbtr><DbtrAcct><Id><IBAN>IT9945449718905494343842</IBAN></Id></DbtrAcct></RltdPties><RltdAgts><CdtrAgt><FinInstnId><BICFI>WFBKGB5C</BICFI></FinInstnId></CdtrAgt><DbtrAgt><FinInstnId><BICFI>CHASNL2L</BICFI></FinInstnId></DbtrAgt></RltdAgts><RmtInf><Ustrd>Payroll batch</Ustrd></RmtInf></TxDtls></NtryDtls></Ntry><Ntry><Amt Ccy="USD">19517.91</Amt><CdtDbtInd>CRDT</CdtDbtInd><Sts>BOOK</Sts><BookgDt><Dt>2025-08-15</Dt></BookgDt><ValDt><Dt>2025-08-15</Dt></ValDt><BkTxCd><Domn><Cd>PMNT</Cd><Fmly><Cd>RCDT</Cd><SubFmlyCd>XCRT</SubFmlyCd></Fmly></Domn></BkTxCd><NtryDtls><TxDtls><Refs><EndToEndId>E2E-f514acea-d108-4a75-9bfe-4e36b5ff3dd6</EndToEndId><TxId>TX-53c80e97-a28f-4a2c-88f6-ee95c230d407</TxId><UETR>ee68a0b2-ef24-4a74-8a7b-9bece226b676</UETR></Refs><RltdPties><Cdtr><Nm>Globex Corp</Nm></Cdtr><CdtrAcct><Id><IBAN>FR9973033688540215492731</IBAN></Id></CdtrAcct><Dbtr><Nm>Cyberdyne Systems</Nm></Dbtr><DbtrAcct><Id><IBAN>FR9924845289039458933711</IBAN></Id></DbtrAcct></RltdPties><RltdAgts><CdtrAgt><FinInstnId><BICFI>CITIUS4B</BICFI></FinInstnId></CdtrAgt><DbtrAgt><FinInstnId><BICFI>CHASNL3A</BICFI></FinInstnId></DbtrAgt></RltdAgts><RmtInf><Ustrd>Refund</Ustrd></RmtInf></TxDtls></NtryDtls></Ntry><Ntry><Amt Ccy="USD">10.02</Amt><CdtDbtInd>DBIT</CdtDbtInd><Sts>BOOK</Sts><BookgDt><Dt>2025-08-15</Dt></BookgDt><ValDt><Dt>2025-08-15</Dt></ValDt><BkTxCd><Domn><Cd>CHRG</Cd><Fmly><Cd>CHRG</Cd><SubFmlyCd>OTHR</SubFmlyCd></Fmly></Domn></BkTxCd><NtryDtls><TxDtls><Refs><EndToEndId>E2E-83814508-3009-4017-a2cd-4af53ef47737</EndToEndId><TxId>TX-2db39faf-2b38-4c24-b95e-473725b51294</TxId><UETR>f679d5b9-d512-4e1a-a2f8-bc1caa5fccdc</UETR></Refs><RmtInf><Ustrd>Wire processing fee</Ustrd></RmtInf></TxDtls></NtryDtls></Ntry><Ntry><Amt Ccy="USD">5859.71</Amt><CdtDbtInd>CRDT</CdtDbtInd><Sts>BOOK</Sts><BookgDt><Dt>2025-08-15</Dt></BookgDt><ValDt><Dt>2025-08-15</Dt></ValDt><BkTxCd><Domn><Cd>PMNT</Cd><Fmly><Cd>RCDT</Cd><SubFmlyCd>XCRT</SubFmlyCd></Fmly></Domn></BkTxCd><NtryDtls><TxDtls><Refs><EndToEndId>E2E-40e16d9f-b55d-47c4-bc94-861747018351</EndToEndId><TxId>TX-992fbcba-e654-4465-941e-5ccba01e23cd</TxId><UETR>433b1ff4-8cd0-411e-9a2b-e534264f7667</UETR></Refs><RltdPties><Cdtr><Nm>Globex Corp</Nm></Cdtr><CdtrAcct><Id><IBAN>AT9901930418850506708641</IBAN></Id></CdtrAcct><Dbtr><Nm>Aperture Science</Nm></Dbtr><DbtrAcct><Id><IBAN>PT9961819367141042676561</IBAN></Id></DbtrAcct></RltdPties><RltdAgts><CdtrAgt><FinInstnId><BICFI>HSBCBE6D</BICFI></FinInstnId></CdtrAgt><DbtrAgt><FinInstnId><BICFI>RABODE2L</BICFI></FinInstnId></DbtrAgt></RltdAgts><RmtInf><Ustrd>Wire payment</Ustrd></RmtInf></TxDtls></NtryDtls></Ntry><Ntry><Amt Ccy="USD">4133.05</Amt><CdtDbtInd>DBIT</CdtDbtInd><Sts>BOOK</Sts><BookgDt><Dt>2025-08-15</Dt></BookgDt><ValDt><Dt>2025-08-15</Dt></ValDt><BkTxCd><Domn><Cd>PMNT</Cd><Fmly><Cd>ICDT</Cd><SubFmlyCd>XCRT</SubFmlyCd></Fmly></Domn></BkTxCd><NtryDtls><TxDtls><Refs><EndToEndId>E2E-f58256f8-0278-4d7d-8bc1-ff495d474d76</EndToEndId><TxId>TX-4714109d-f6b0-4e10-b843-c7f182c65074</TxId><UETR>70e81c3e-7ece-4fe5-8921-34b976cac40e</UETR></Refs><RltdPties><Cdtr><Nm>Stark Industries</Nm></Cdtr><CdtrAcct><Id><IBAN>IE9994259026593702754058</IBAN></Id></CdtrAcct><Dbtr><Nm>Pied Piper LLC</Nm></Dbtr><DbtrAcct><Id><IBAN>DE9998977100651570663285</IBAN></Id></DbtrAcct></RltdPties><RltdAgts><CdtrAgt><FinInstnId><BICFI>RABOBE2X</BICFI></FinInstnId></CdtrAgt><DbtrAgt><FinInstnId><BICFI>RABONL2L</BICFI></FinInstnId></DbtrAgt></RltdAgts><RmtInf><Ustrd>Wire payment</Ustrd></RmtInf></TxDtls></NtryDtls></Ntry><Ntry><Amt Ccy="USD">9.49</Amt><CdtDbtInd>DBIT</CdtDbtInd><Sts>BOOK</Sts><BookgDt><Dt>2025-08-15</Dt></BookgDt><ValDt><Dt>2025-08-15</Dt></ValDt><BkTxCd><Domn><Cd>CHRG</Cd><Fmly><Cd>CHRG</Cd><SubFmlyCd>OTHR</SubFmlyCd></Fmly></Domn></BkTxCd><NtryDtls><TxDtls><Refs><EndToEndId>E2E-55f67a4e-98af-4c37-84aa-205bd24f8849</EndToEndId><TxId>TX-b4b13cda-5873-4358-9093-50eccc0d1909</TxId><UETR>14e8f64f-f92b-496f-82a9-dc37ae7a7930</UETR></Refs><RmtInf><Ustrd>Wire processing fee</Ustrd></RmtInf></TxDtls></NtryDtls></Ntry><Ntry><Amt Ccy="USD">14540.24</Amt><CdtDbtInd>DBIT</CdtDbtInd><Sts>BOOK</Sts><BookgDt><Dt>2025-08-15</Dt></BookgDt><ValDt><Dt>2025-08-15</Dt></ValDt><BkTxCd><Domn><Cd>PMNT</Cd><Fmly><Cd>ICDT</Cd><SubFmlyCd>DMCT</SubFmlyCd></Fmly></Domn></BkTxCd><NtryDtls><TxDtls><Refs><EndToEndId>E2E-ab1516a7-232c-4722-9b49-bc52a1b2720f</EndToEndId><TxId>TX-304546b1-c6ed-4418-9290-8004b0179dae</TxId><UETR>92d0a05b-eba2-4122-bc2f-99b28566c78b</UETR></Refs><RltdPties><Cdtr><Nm>Stark Industries</Nm></Cdtr><CdtrAcct><Id><IBAN>FR9903369145930959400305</IBAN></Id></CdtrAcct><Dbtr><Nm>Tyrell Corporation</Nm></Dbtr><DbtrAcct><Id><IBAN>IE9948388407010648121890</IBAN></Id></DbtrAcct></RltdPties><RltdAgts><CdtrAgt><FinInstnId><BICFI>RABODE5C</BICFI></FinInstnId></CdtrAgt><DbtrAgt><FinInstnId><BICFI>CITIBE4B</BICFI></FinInstnId></DbtrAgt></RltdAgts><RmtInf><Ustrd>Wire payment</Ustrd></RmtInf></TxDtls></NtryDtls></Ntry><Ntry><Amt Ccy="USD">2270.09</Amt><CdtDbtInd>DBIT</CdtDbtInd><Sts>BOOK</Sts><BookgDt><Dt>2025-08-15</Dt></BookgDt><ValDt><Dt>2025-08-15</Dt></ValDt><BkTxCd><Domn><Cd>PMNT</Cd><Fmly><Cd>ICDT</Cd><SubFmlyCd>XCRT</SubFmlyCd></Fmly></Domn></BkTxCd><NtryDtls><TxDtls><Refs><EndToEndId>E2E-968f07a8-93ce-4e2b-88e9-d0d66e174ccd</EndToEndId><TxId>TX-a2840591-4df8-4c1f-a1ce-7eea6071bf8c</TxId><UETR>65c88b00-33eb-4ea4-afa2-dff2f042298d</UETR></Refs><RltdPties><Cdtr><Nm>Initech Ltd</Nm></Cdtr><CdtrAcct><Id><IBAN>NL9946631296624292033159</IBAN></Id></CdtrAcct><Dbtr><Nm>Blue Sun Corp</Nm></Dbtr><DbtrAcct><Id><IBAN>BE9911788866726338408855</IBAN></Id></DbtrAcct></RltdPties><RltdAgts><CdtrAgt><FinInstnId><BICFI>CITINL2X</BICFI></FinInstnId></CdtrAgt><DbtrAgt><FinInstnId><BICFI>BNPABE6D</BICFI></FinInstnId></DbtrAgt></RltdAgts><RmtInf><Ustrd>Wire payment</Ustrd></RmtInf></TxDtls></NtryDtls></Ntry><Ntry><Amt Ccy="USD">11113.49</Amt><CdtDbtInd>DBIT</CdtDbtInd><Sts>BOOK</Sts><BookgDt><Dt>2025-08-15</Dt></BookgDt><ValDt><Dt>2025-08-15</Dt></ValDt><BkTxCd><Domn><Cd>PMNT</Cd><Fmly><Cd>ICDT</Cd><SubFmlyCd>DMCT</SubFmlyCd></Fmly></Domn></BkTxCd><NtryDtls><TxDtls><Refs><EndToEndId>E2E-90f59551-6188-4eca-8da8-9c1bdf2057bf</EndToEndId><TxId>TX-acd22e1f-1128-4d2c-bdb9-0e685db515bc</TxId><UETR>ba8198bd-c344-4639-95b0-6590393021fe</UETR></Refs><RltdPties><Cdtr><Nm>Vandelay Imports</Nm></Cdtr><CdtrAcct><Id><IBAN>GB9990213584447830205559</IBAN></Id></CdtrAcct><Dbtr><Nm>Cyberdyne Systems</Nm></Dbtr><DbtrAcct><Id><IBAN>NL9965990472184409634980</IBAN></Id></DbtrAcct></RltdPties><RltdAgts><CdtrAgt><FinInstnId><BICFI>CHASGB3A</BICFI></FinInstnId></CdtrAgt><DbtrAgt><FinInstnId><BICFI>CITIUS2X</BICFI></FinInstnId></DbtrAgt></RltdAgts><RmtInf><Ustrd>FX wire</Ustrd></RmtInf></TxDtls></NtryDtls></Ntry><Ntry><Amt Ccy="USD">26.87</Amt><CdtDbtInd>DBIT</CdtDbtInd><Sts>BOOK</Sts><BookgDt><Dt>2025-08-15</Dt></BookgDt><ValDt><Dt>2025-08-15</Dt></ValDt><BkTxCd><Domn><Cd>CHRG</Cd><Fmly><Cd>CHRG</Cd><SubFmlyCd>OTHR</SubFmlyCd></Fmly></Domn></BkTxCd><NtryDtls><TxDtls><Refs><EndToEndId>E2E-98e79528-28b6-4bb7-9147-c2d9ae7e3d26</EndToEndId><TxId>TX-8a078eb6-4916-4056-955d-2fef04e6cb26</TxId><UETR>2f9837e2-7a99-4bc1-9ef5-2c4c378c50bb</UETR></Refs><RmtInf><Ustrd>Wire processing fee</Ustrd></RmtInf></TxDtls></NtryDtls></Ntry><Ntry><Amt Ccy="USD">14483.68</Amt><CdtDbtInd>DBIT</CdtDbtInd><Sts>BOOK</Sts><BookgDt><Dt>2025-08-15</Dt></BookgDt><ValDt><Dt>2025-08-15</Dt></ValDt><BkTxCd><Domn><Cd>PMNT</Cd><Fmly><Cd>ICDT</Cd><SubFmlyCd>DMCT</SubFmlyCd></Fmly></Domn></BkTxCd><NtryDtls><TxDtls><Refs><EndToEndId>E2E-5fc8478d-07de-44e9-bafd-7ae77f3bfaf8</EndToEndId><TxId>TX-bd4b07a1-66e2-401f-8784-825cf5464585</TxId><UETR>9ccfae06-a43c-4991-9149-20790ce6c893</UETR></Refs><RltdPties><Cdtr><Nm>Vandelay Imports</Nm></Cdtr><CdtrAcct><Id><IBAN>IE9914756242458702910232</IBAN></Id></CdtrAcct><Dbtr><Nm>Pied Piper LLC</Nm></Dbtr><DbtrAcct><Id><IBAN>DE9960629715157323254520</IBAN></Id></DbtrAcct></RltdPties><RltdAgts><CdtrAgt><FinInstnId><BICFI>CHASBE3A</BICFI></FinInstnId></CdtrAgt><DbtrAgt><FinInstnId><BICFI>NATAIE6D</BICFI></FinInstnId></DbtrAgt></RltdAgts><RmtInf><Ustrd>Vendor settlement</Ustrd></RmtInf></TxDtls></NtryDtls></Ntry><Ntry><Amt Ccy="USD">37.49</Amt><CdtDbtInd>DBIT</CdtDbtInd><Sts>BOOK</Sts><BookgDt><Dt>2025-08-15</Dt></BookgDt><ValDt><Dt>2025-08-15</Dt></ValDt><BkTxCd><Domn><Cd>CHRG</Cd><Fmly><Cd>CHRG</Cd><SubFmlyCd>OTHR</SubFmlyCd></Fmly></Domn></BkTxCd><NtryDtls><TxDtls><Refs><EndToEndId>E2E-a3fb38e0-9f2e-4a70-95f1-738af692b1bf</EndToEndId><TxId>TX-2c8482cf-ff46-4a20-b0f2-5f1f4830980c</TxId><UETR>e2f8e71a-c1a1-4ee1-985c-287c9b13ac29</UETR></Refs><RmtInf><Ustrd>Wire processing fee</Ustrd></RmtInf></TxDtls></NtryDtls></Ntry><Bal><Tp><CdOrPrtry><Cd>CLBD</Cd></CdOrPrtry></Tp><Amt Ccy="USD">731.77</Amt><CdtDbtInd>CRDT</CdtDbtInd><Dt><Dt>2025-08-16</Dt></Dt></Bal><AddtlStmtInf>All entries represent wire transactions (domestic/cross-border). Fees modeled mixed (separate CHRG entries or netted).</AddtlStmtInf></Stmt></BkToCstmrStmt></Document>