<?xml version='1.0' encoding='utf-8'?>
<Document xmlns="urn:iso:std:iso:20022:tech:xsd:camt.053.001.08"><BkToCstmrStmt><GrpHdr><MsgId>MSG-421996f9-07e3-4ecc-b173-bcc894c0be5f</MsgId><CreDtTm>2025-09-11T17:04:58Z</CreDtTm></GrpHdr><Stmt><Id>WIRE-STAT-20250821-09</Id><ElctrncSeqNb>9</ElctrncSeqNb><LglSeqNb>9</LglSeqNb><CreDtTm>2025-09-11T17:04:58Z</CreDtTm><Acct><Id><IBAN>BE9914841705025993490752</IBAN></Id><Ownr><Nm>Acme Manufacturing LLC</Nm></Ownr><Svcr><FinInstnId><BICFI>WFBKFR2X</BICFI></FinInstnId></Svcr></Acct><AcctSvcr>NATAES5C</AcctSvcr><FrToDt><Fr>2025-08-21</Fr><To>2025-08-22</To></FrToDt><Bal><Tp><CdOrPrtry><Cd>OPBD</Cd></CdOrPrtry></Tp><Amt Ccy="EUR">114672.47</Amt><CdtDbtInd>CRDT</CdtDbtInd><Dt><Dt>2025-08-21</Dt></Dt></Bal><Ntry><Amt Ccy="EUR">6895.35</Amt><CdtDbtInd>DBIT</CdtDbtInd><Sts>BOOK</Sts><BookgDt><Dt>2025-08-21</Dt></BookgDt><ValDt><Dt>2025-08-21</Dt></ValDt><BkTxCd><Domn><Cd>PMNT</Cd><Fmly><Cd>ICDT</Cd><SubFmlyCd>DMCT</SubFmlyCd></Fmly></Domn></BkTxCd><NtryDtls><TxDtls><Refs><EndToEndId>E2E-c3edac90-4a59-470c-a08b-5d2292221f2a</EndToEndId><TxId>TX-e329287c-1fbf-472b-bd52-1cae35fdb0fc</TxId><UETR>127880bc-0d41-4123-91da-384db69edadb</UETR></Refs><RltdPties><Cdtr><Nm>Vandelay Imports</Nm></Cdtr><CdtrAcct><Id><IBAN>NL9959510782813363231396</IBAN></Id></CdtrAcct><Dbtr><Nm>Pied Piper LLC</Nm></Dbtr><DbtrAcct><Id><IBAN>GB9947719173434342456950</IBAN></Id></DbtrAcct></RltdPties><RltdAgts><CdtrAgt><FinInstnId><BICFI>CITIUS6D</BICFI></FinInstnId></CdtrAgt><DbtrAgt><FinInstnId><BICFI>CHASGB6D</BICFI></FinInstnId></DbtrAgt></RltdAgts><RmtInf><Ustrd>Wire payment</Ustrd></RmtInf></TxDtls></NtryDtls></Ntry><Ntry><Amt Ccy="EUR">9.84</Amt><CdtDbtInd>DBIT</CdtDbtInd><Sts>BOOK</Sts><BookgDt><Dt>2025-08-21</Dt></BookgDt><ValDt><Dt>2025-08-21</Dt></ValDt><BkTxCd><Domn><Cd>CHRG</Cd><Fmly><Cd>CHRG</Cd><SubFmlyCd>OTHR</SubFmlyCd></Fmly></Domn></BkTxCd><NtryDtls><TxDtls><Refs><EndToEndId>E2E-61093277-5473-4112-88a5-881d8b39b9d5</EndToEndId><TxId>TX-832298a7-f6f3-4b89-9f3a-9bd78bb6b62f</TxId><UETR>f7f7df48-2b48-4441-8fed-510665187b32</UETR></Refs><RmtInf><Ustrd>Wire processing fee</Ustrd></RmtInf></TxDtls></NtryDtls></Ntry><Ntry><Amt Ccy="EUR">10623.73</Amt><CdtDbtInd>DBIT</CdtDbtInd><Sts>BOOK</Sts><BookgDt><Dt>2025-08-21</Dt></BookgDt><ValDt><Dt>2025-08-21</Dt></ValDt><BkTxCd><Domn><Cd>PMNT</Cd><Fmly><Cd>ICDT</Cd><SubFmlyCd>DMCT</SubFmlyCd></Fmly></Domn></BkTxCd><NtryDtls><TxDtls><Refs><EndToEndId>E2E-cb0199aa-c55b-4a90-abf5-1c46ae1fc67a</EndToEndId><TxId>TX-654d1cce-c9cc-4310-b099-e516d3c52e1c</TxId><UETR>0e1f6727-c20e-435c-8a65-822e5beec78f</UETR></Refs><RltdPties><Cdtr><Nm>Globex Corp</Nm></Cdtr><CdtrAcct><Id><IBAN>PT9920564114636159190459</IBAN></Id></CdtrAcct><Dbtr><Nm>Pied Piper LLC</Nm></Dbtr><DbtrAcct><Id><IBAN>IT9974835779158691905417</IBAN></Id></DbtrAcct></RltdPties><RltdAgts><CdtrAgt><FinInstnId><BICFI>DEUTGB3A</BICFI></FinInstnId></CdtrAgt><DbtrAgt><FinInstnId><BICFI>CITIES5C</BICFI></FinInstnId></DbtrAgt></RltdAgts><RmtInf><Ustrd>FX wire</Ustrd></RmtInf></TxDtls></NtryDtls></Ntry><Ntry><Amt Ccy="EUR">2674.21</Amt><CdtDbtInd>CRDT</CdtDbtInd><Sts>BOOK</Sts><BookgDt><Dt>2025-08-21</Dt></BookgDt><ValDt><Dt>2025-08-21</Dt></ValDt><BkTxCd><Domn><Cd>PMNT</Cd><Fmly><Cd>RCDT</Cd><SubFmlyCd>XCRT</SubFmlyCd></Fmly></Domn></BkTxCd><NtryDtls><TxDtls><Refs><EndToEndId>E2E-b339f287-adb4-484d-ad01-9266a71fbbd2</EndToEndId><TxId>TX-6e9256bc-05ed-4396-8d51-1f82259fd194</TxId><UETR>bbe38804-006a-4d6e-96c8-aaa4ae3570a1</UETR></Refs><RltdPties><Cdtr><Nm>Stark Industries</Nm></Cdtr><CdtrAcct><Id><IBAN>AT9920020877804892237432</IBAN></Id></CdtrAcct><Dbtr><Nm>Tyrell Corporation</Nm></Dbtr><DbtrAcct><Id><IBAN>FR9995444752674863659757</IBAN></Id></DbtrAcct></RltdPties><RltdAgts><CdtrAgt><FinInstnId><BICFI>BNPAFR5C</BICFI></FinInstnId></CdtrAgt><DbtrAgt><FinInstnId><BICFI>NATANL3A</BICFI></FinInstnId></DbtrAgt></RltdAgts><RmtInf><Ustrd>Vendor settlement</Ustrd></RmtInf></TxDtls></NtryDtls></Ntry><Ntry><Amt Ccy="EUR">7.76</Amt><CdtDbtInd>DBIT</CdtDbtInd><Sts>BOOK</Sts><BookgDt><Dt>2025-08-21</Dt></BookgDt><ValDt><Dt>2025-08-21</Dt></ValDt><BkTxCd><Domn><Cd>CHRG</Cd><Fmly><Cd>CHRG</Cd><SubFmlyCd>OTHR</SubFmlyCd></Fmly></Domn></BkTxCd><NtryDtls><TxDtls><Refs><EndToEndId>E2E-72cc1437-c34c-46b6-825a-c14085346255</EndToEndId><TxId>TX-6764cb3b-9de9-42c2-bc02-fca66b50cac0</TxId><UETR>5942fb61-a068-48e3-ba1d-6f2fde2d96a6</UETR></Refs><RmtInf><Ustrd>Wire processing fee</Ustrd></RmtInf></TxDtls></NtryDtls></Ntry><Ntry><Amt Ccy="EUR">9012.97</Amt><CdtDbtInd>DBIT</CdtDbtInd><Sts>BOOK</Sts><BookgDt><Dt>2025-08-21</Dt></BookgDt><ValDt><Dt>2025-08-21</Dt></ValDt><BkTxCd><Domn><Cd>PMNT</Cd><Fmly><Cd>ICDT</Cd><SubFmlyCd>DMCT</SubFmlyCd></Fmly></Domn></BkTxCd><NtryDtls><TxDtls><Refs><EndToEndId>E2E-1dd610b2-7e34-45a9-8992-11e93aff1d8f</EndToEndId><TxId>TX-e1efb41e-797f-43ca-a042-7d7cbbe8209a</TxId><UETR>5a4b6e3e-fce8-4e47-a9d8-308d8cf919ff</UETR></Refs><RltdPties><Cdtr><Nm>Umbrella Co</Nm></Cdtr><CdtrAcct><Id><IBAN>AT9964966980249648729415</IBAN></Id></CdtrAcct><Dbtr><Nm>Aperture Science</Nm></Dbtr><DbtrAcct><Id><IBAN>NL9974826718867540869353</IBAN></Id></DbtrAcct></RltdPties><RltdAgts><CdtrAgt><FinInstnId><BICFI>CITINL3A</BICFI></FinInstnId></CdtrAgt><DbtrAgt><FinInstnId><BICFI>RABOES2L</BICFI></FinInstnId></DbtrAgt></RltdAgts><RmtInf><Ustrd>Wire payment</Ustrd></RmtInf></TxDtls></NtryDtls></Ntry><Ntry><Amt Ccy="EUR">20.89</Amt><CdtDbtInd>DBIT</CdtDbtInd><Sts>BOOK</Sts><BookgDt><Dt>2025-08-21</Dt></BookgDt><ValDt><Dt>2025-08-21</Dt></ValDt><BkTxCd><Domn><Cd>CHRG</Cd><Fmly><Cd>CHRG</Cd><SubFmlyCd>OTHR</SubFmlyCd></Fmly></Domn></BkTxCd><NtryDtls><TxDtls><Refs><EndToEndId>E2E-c6e6aaed-6a33-4c08-89b3-b04fc4c465b4</EndToEndId><TxId>TX-e77af09e-bfbc-4f3b-bb48-b99ed11c6ac2</TxId><UETR>d5127001-a26f-4849-aabb-e10d6cd427ab</UETR></Refs><RmtInf><Ustrd>Wire processing fee</Ustrd></RmtInf></TxDtls></NtryDtls></Ntry><Ntry><Amt Ccy="EUR">2026.44</Amt><CdtDbtInd>CRDT</CdtDbtInd><Sts>BOOK</Sts><BookgDt><Dt>2025-08-21</Dt></BookgDt><ValDt><Dt>2025-08-21</Dt></ValDt><BkTxCd><Domn><Cd>PMNT</Cd><Fmly><Cd>RCDT</Cd><SubFmlyCd>DMCT</SubFmlyCd></Fmly></Domn></BkTxCd><NtryDtls><TxDtls><Refs><EndToEndId>E2E-f051217e-9b7a-46aa-b77f-66270f399a35</EndToEndId><TxId>TX-683c2c51-c01a-4c89-ba48-70b2c21928d1</TxId><UETR>d6f8c69f-9831-41fa-880d-3be7034d9feb</UETR></Refs><RltdPties><Cdtr><Nm>Umbrella Co</Nm></Cdtr><CdtrAcct><Id><IBAN>IE9912484599680273404793</IBAN></Id></CdtrAcct><Dbtr><Nm>Blue Sun Corp</Nm></Dbtr><DbtrAcct><Id><IBAN>BE9935363740732711556725</IBAN></Id></DbtrAcct></RltdPties><RltdAgts><CdtrAgt><FinInstnId><BICFI>BNPADE5C</BICFI></FinInstnId></CdtrAgt><DbtrAgt><FinInstnId><BICFI>BARCGB2X</BICFI></FinInstnId></DbtrAgt></RltdAgts><RmtInf><Ustrd>Vendor settlement</Ustrd></RmtInf></TxDtls></NtryDtls></Ntry><Ntry><Amt Ccy="EUR">647.99</Amt><CdtDbtInd>DBIT</CdtDbtInd><Sts>BOOK</Sts><BookgDt><Dt>2025-08-21</Dt></BookgDt><ValDt><Dt>2025-08-21</Dt></ValDt><BkTxCd><Domn><Cd>PMNT</Cd><Fmly><Cd>ICDT</Cd><SubFmlyCd>XCRT</SubFmlyCd></Fmly></Domn></BkTxCd><NtryDtls><TxDtls><Refs><EndToEndId>E2E-5af41cf1-dcab-432d-ad14-6177013c57e4</EndToEndId><TxId>TX-4e5afcb9-beb7-4c15-8b15-d2d0da62358f</TxId><UETR>8c3504ba-95f9-4b53-ab5b-c8fa2b63ad72</UETR></Refs><RltdPties><Cdtr><Nm>Vandelay Imports</Nm></Cdtr><CdtrAcct><Id><IBAN>GB9963351036099511199606</IBAN></Id></CdtrAcct><Dbtr><Nm>Wonka Industries</Nm></Dbtr><DbtrAcct><Id><IBAN>NL9910887915291618001120</IBAN></Id></DbtrAcct></RltdPties><RltdAgts><CdtrAgt><FinInstnId><BICFI>BOFAES4B</BICFI></FinInstnId></CdtrAgt><DbtrAgt><FinInstnId><BICFI>SOGEFR2L</BICFI></FinInstnId></DbtrAgt></RltdAgts><RmtInf><Ustrd>Vendor settlement</Ustrd></RmtInf></TxDtls></NtryDtls></Ntry><Ntry><Amt Ccy="EUR">5.00</Amt><CdtDbtInd>DBIT</CdtDbtInd><Sts>BOOK</Sts><BookgDt><Dt>2025-08-21</Dt></BookgDt><ValDt><Dt>2025-08-21</Dt></ValDt><BkTxCd><Domn><Cd>CHRG</Cd><Fmly><Cd>CHRG</Cd><SubFmlyCd>OTHR</SubFmlyCd></Fmly></Domn></BkTxCd><NtryDtls><TxDtls><Refs><EndToEndId>E2E-e1cffd8f-09cd-46cc-b30a-b2eca21d69fd</EndToEndId><TxId>TX-99c7e44b-74bd-4041-a611-d8e191f4e653</TxId><UETR>88b86b97-92a3-421b-bccd-68abc82dd44f</UETR></Refs><RmtInf><Ustrd>Wire processing fee</Ustrd></RmtInf></TxDtls></NtryDtls></Ntry><Ntry><Amt Ccy="EUR">5561.79</Amt><CdtDbtInd>DBIT</CdtDbtInd><Sts>BOOK</Sts><BookgDt><Dt>2025-08-21</Dt></BookgDt><ValDt><Dt>2025-08-21</Dt></ValDt><BkTxCd><Domn><Cd>PMNT</Cd><Fmly><Cd>ICDT</Cd><SubFmlyCd>XCRT</SubFmlyCd></Fmly></Domn></BkTxCd><NtryDtls><TxDtls><Refs><EndToEndId>E2E-e82994bf-1da1-4dfd-87da-0f881dc32718</EndToEndId><TxId>TX-b41e0c09-d691-4c32-8ea1-09f329117a31</TxId><UETR>158f4b29-2ad4-47b1-b2f6-751d09e31492</UETR></Refs><RltdPties><Cdtr><Nm>Umbrella Co</Nm></Cdtr><CdtrAcct><Id><IBAN>PT9972773787799090892140</IBAN></Id></CdtrAcct><Dbtr><Nm>Tyrell Corporation</Nm></Dbtr><DbtrAcct><Id><IBAN>FR9919335236572748543625</IBAN></Id></DbtrAcct></RltdPties><RltdAgts><CdtrAgt><FinInstnId><BICFI>DEUTIE3A</BICFI></FinInstnId></CdtrAgt><DbtrAgt><FinInstnId><BICFI>DEUTNL2X</BICFI></FinInstnId></DbtrAgt></RltdAgts><RmtInf><Ustrd>INV 23052</Ustrd></RmtInf></TxDtls></NtryDtls></Ntry><Ntry><Amt Ccy="EUR">19897.00</Amt><CdtDbtInd>DBIT</CdtDbtInd><Sts>BOOK</Sts><BookgDt><Dt>2025-08-21</Dt></BookgDt><ValDt><Dt>2025-08-21</Dt></ValDt><BkTxCd><Domn><Cd>PMNT</Cd><Fmly><Cd>ICDT</Cd><SubFmlyCd>DMCT</SubFmlyCd></Fmly></Domn></BkTxCd><NtryDtls><TxDtls><Refs><EndToEndId>E2E-6c55938f-6954-419d-a2d7-a1026c857a05</EndToEndId><TxId>TX-f25c59f9-c69c-40db-a151-cf454891970c</TxId><UETR>a92c137b-ce70-42e9-a6ac-7b3f08590808</UETR></Refs><RltdPties><Cdtr><Nm>Initech Ltd</Nm></Cdtr><CdtrAcct><Id><IBAN>FR9921911058888287105812</IBAN></Id></CdtrAcct><Dbtr><Nm>Blue Sun Corp</Nm></Dbtr><DbtrAcct><Id><IBAN>IE9953653251029594081515</IBAN></Id></DbtrAcct></RltdPties><RltdAgts><CdtrAgt><FinInstnId><BICFI>WFBKUS6D</BICFI></FinInstnId></CdtrAgt><DbtrAgt><FinInstnId><BICFI>HSBCES2X</BICFI></FinInstnId></DbtrAgt></RltdAgts><RmtInf><Ustrd>Vendor settlement</Ustrd></RmtInf></TxDtls></NtryDtls></Ntry><Ntry><Amt Ccy="EUR">44.87</Amt><CdtDbtInd>DBIT</CdtDbtInd><Sts>BOOK</Sts><BookgDt><Dt>2025-08-21</Dt></BookgDt><ValDt><Dt>2025-08-21</Dt></ValDt><BkTxCd><Domn><Cd>CHRG</Cd><Fmly><Cd>CHRG</Cd><SubFmlyCd>OTHR</SubFmlyCd></Fmly></Domn></BkTxCd><NtryDtls><TxDtls><Refs><EndToEndId>E2E-37651b81-9daa-4322-a41d-8910b184fdf0</EndToEndId><TxId>TX-ec31aa2d-2b0b-4c30-b922-65bc19329e3f</TxId><UETR>03981e43-bc4a-46de-ba27-6f5219534798</UETR></Refs><RmtInf><Ustrd>Wire processing fee</Ustrd></RmtInf></TxDtls></NtryDtls></Ntry><Ntry><Amt Ccy="EUR">3973.18</Amt><CdtDbtInd>CRDT</CdtDbtInd><Sts>BOOK</Sts><BookgDt><Dt>2025-08-21</Dt></BookgDt><ValDt><Dt>2025-08-21</Dt></ValDt><BkTxCd><Domn><Cd>PMNT</Cd><Fmly><Cd>RCDT</Cd><SubFmlyCd>XCRT</SubFmlyCd></Fmly></Domn></BkTxCd><NtryDtls><TxDtls><Refs><EndToEndId>E2E-114f57c2-955c-4737-937a-1df559f2c37c</EndToEndId><TxId>TX-73e4637e-7fb4-4fd0-a71e-fa139b1cade2</TxId><UETR>0e612b03-1852-44cc-86f4-1de5b720de35</UETR></Refs><RltdPties><Cdtr><Nm>Wayne Enterprises</Nm></Cdtr><CdtrAcct><Id><IBAN>AT9940409122998033206553</IBAN></Id></CdtrAcct><Dbtr><Nm>Wonka Industries</Nm></Dbtr><DbtrAcct><Id><IBAN>NL9919181723548956272528</IBAN></Id></DbtrAcct></RltdPties><RltdAgts><CdtrAgt><FinInstnId><BICFI>WFBKBE6D</BICFI></FinInstnId></CdtrAgt><DbtrAgt><FinInstnId><BICFI>HSBCUS5C</BICFI></FinInstnId></DbtrAgt></RltdAgts><RmtInf><Ustrd>Wire payment</Ustrd></RmtInf></TxDtls></NtryDtls></Ntry><Ntry><Amt Ccy="EUR">6.88</Amt><CdtDbtInd>DBIT</CdtDbtInd><Sts>BOOK</Sts><BookgDt><Dt>2025-08-21</Dt></BookgDt><ValDt><Dt>2025-08-21</Dt></ValDt><BkTxCd><Domn><Cd>CHRG</Cd><Fmly><Cd>CHRG</Cd><SubFmlyCd>OTHR</SubFmlyCd></Fmly></Domn></BkTxCd><NtryDtls><TxDtls><Refs><EndToEndId>E2E-c9b5ee28-069b-4347-ab32-7ae802b63864</EndToEndId><TxId>TX-4dca1e8f-d812-4851-9505-d3382f65fa18</TxId><UETR>660bd3d1-5c27-4e7c-be74-dbdca4f6f3b1</UETR></Refs><RmtInf><Ustrd>Wire processing fee</Ustrd></RmtInf></TxDtls></NtryDtls></Ntry><Ntry><Amt Ccy="EUR">4939.42</Amt><CdtDbtInd>CRDT</CdtDbtInd><Sts>BOOK</Sts><BookgDt><Dt>2025-08-21</Dt></BookgDt><ValDt><Dt>2025-08-21</Dt></ValDt><BkTxCd><Domn><Cd>PMNT</Cd><Fmly><Cd>RCDT</Cd><SubFmlyCd>XCRT</SubFmlyCd></Fmly></Domn></BkTxCd><NtryDtls><TxDtls><Refs><EndToEndId>E2E-cae73ba0-79db-4c24-abaa-b6320ed12f66</EndToEndId><TxId>TX-d9b05ed1-6d00-4626-aca3-ecd4f6ee91a4</TxId><UETR>6e254305-a378-4dc8-81b1-9f29911cf2f0</UETR></Refs><RltdPties><Cdtr><Nm>Stark Industries</Nm></Cdtr><CdtrAcct><Id><IBAN>PT9940281656081723050065</IBAN></Id></CdtrAcct><Dbtr><Nm>Cyberdyne Systems</Nm></Dbtr><DbtrAcct><Id><IBAN>IE9991189419889918550265</IBAN></Id></DbtrAcct></RltdPties><RltdAgts><CdtrAgt><FinInstnId><BICFI>HSBCFR2X</BICFI></FinInstnId></CdtrAgt><DbtrAgt><FinInstnId><BICFI>SOGEBE3A</BICFI></FinInstnId></DbtrAgt></RltdAgts><RmtInf><Ustrd>FX wire</Ustrd></RmtInf></TxDtls></NtryDtls></Ntry><Ntry><Amt Ccy="EUR">5.95</Amt><CdtDbtInd>DBIT</CdtDbtInd><Sts>BOOK</Sts><BookgDt><Dt>2025-08-21</Dt></BookgDt><ValDt><Dt>2025-08-21</Dt></ValDt><BkTxCd><Domn><Cd>CHRG</Cd><Fmly><Cd>CHRG</Cd><SubFmlyCd>OTHR</SubFmlyCd></Fmly></Domn></BkTxCd><NtryDtls><TxDtls><Refs><EndToEndId>E2E-05465bd5-6c79-4052-97a4-b477609c6548</EndToEndId><TxId>TX-b8ae374f-00fc-4f19-811e-b1072badf48c</TxId><UETR>b9f72a12-1530-4892-b82b-c5b8fab292a9</UETR></Refs><RmtInf><Ustrd>Wire processing fee</Ustrd></RmtInf></TxDtls></NtryDtls></Ntry><Ntry><Amt Ccy="EUR">4297.23</Amt><CdtDbtInd>DBIT</CdtDbtInd><Sts>BOOK</Sts><BookgDt><Dt>2025-08-21</Dt></BookgDt><ValDt><Dt>2025-08-21</Dt></ValDt><BkTxCd><Domn><Cd>PMNT</Cd><Fmly><Cd>ICDT</Cd><SubFmlyCd>DMCT</SubFmlyCd></Fmly></Domn></BkTxCd><NtryDtls><TxDtls><Refs><EndToEndId>E2E-8cbbf59f-4de2-43e2-9cf5-08ffc22ab778</EndToEndId><TxId>TX-7bccdc81-364e-4c03-a4c0-04252793ab1b</TxId><UETR>5df29348-6c98-431d-85b3-eafe583272c5</UETR></Refs><RltdPties><Cdtr><Nm>Stark Industries</Nm></Cdtr><CdtrAcct><Id><IBAN>GB9996038228641026352377</IBAN></Id></CdtrAcct><Dbtr><Nm>Blue Sun Corp</Nm></Dbtr><DbtrAcct><Id><IBAN>IT9949708015573641066040</IBAN></Id></DbtrAcct></RltdPties><RltdAgts><CdtrAgt><FinInstnId><BICFI>BNPAGB5C</BICFI></FinInstnId></CdtrAgt><DbtrAgt><FinInstnId><BICFI>HSBCES4B</BICFI></FinInstnId></DbtrAgt></RltdAgts><RmtInf><Ustrd>Payroll batch</Ustrd></RmtInf></TxDtls></NtryDtls></Ntry><Ntry><Amt Ccy="EUR">4855.16</Amt><CdtDbtInd>CRDT</CdtDbtInd><Sts>BOOK</Sts><BookgDt><Dt>2025-08-21</Dt></BookgDt><ValDt><Dt>2025-08-21</Dt></ValDt><BkTxCd><Domn><Cd>PMNT</Cd><Fmly><Cd>RCDT</Cd><SubFmlyCd>DMCT</SubFmlyCd></Fmly></Domn></BkTxCd><NtryDtls><TxDtls><Refs><EndToEndId>E2E-c4b0e655-4130-4908-9226-0803e0f65481</EndToEndId><TxId>TX-3729c032-8d8a-46d2-8923-e2900a16ab7e</TxId><UETR>478f571b-bbe2-4613-86f5-d4f1f10a0588</UETR></Refs><RltdPties><Cdtr><Nm>Wayne Enterprises</Nm></Cdtr><CdtrAcct><Id><IBAN>BE9902868955256468628718</IBAN></Id></CdtrAcct><Dbtr><Nm>Pied Piper LLC</Nm></Dbtr><DbtrAcct><Id><IBAN>BE9973035582264539770206</IBAN></Id></DbtrAcct></RltdPties><RltdAgts><CdtrAgt><FinInstnId><BICFI>HSBCFR2L</BICFI></FinInstnId></CdtrAgt><DbtrAgt><FinInstnId><BICFI>BNPAIE5C</BICFI></FinInstnId></DbtrAgt></RltdAgts><RmtInf><Ustrd>Payroll batch</Ustrd></RmtInf></TxDtls></NtryDtls></Ntry><Ntry><Amt Ccy="EUR">5.00</Amt><CdtDbtInd>DBIT</CdtDbtInd><Sts>BOOK</Sts><BookgDt><Dt>2025-08-21</Dt></BookgDt><ValDt><Dt>2025-08-21</Dt></ValDt><BkTxCd><Domn><Cd>CHRG</Cd><Fmly><Cd>CHRG</Cd><SubFmlyCd>OTHR</SubFmlyCd></Fmly></Domn></BkTxCd><NtryDtls><TxDtls><Refs><EndToEndId>E2E-7a8bc3dc-cb27-4903-9f21-d28f8bdc8a34</EndToEndId><TxId>TX-a101b37d-4455-4830-98b6-ca3e1e303d86</TxId><UETR>cdbd5864-4b11-4b74-85f9-95b7709eb24b</UETR></Refs><RmtInf><Ustrd>Wire processing fee</Ustrd></RmtInf></TxDtls></NtryDtls></Ntry><Bal><Tp><CdOrPrtry><Cd>CLBD</Cd></CdOrPrtry></Tp><Amt Ccy="EUR">76098.63</Amt><CdtDbtInd>CRDT</CdtDbtInd><Dt><Dt>2025-08-22</Dt></Dt></Bal><AddtlStmtInf>All entries represent wire transactions (domestic/cross-border). Fees modeled mixed (separate CHRG entries or netted).</AddtlStmtInf></Stmt></BkToCstmrStmt></Document>