<?xml version='1.0' encoding='utf-8'?>
<Document xmlns="urn:iso:std:iso:20022:tech:xsd:camt.053.001.08"><BkToCstmrStmt><GrpHdr><MsgId>MSG-1b142e61-ddff-497e-8785-d81f4bb02f09</MsgId><CreDtTm>2025-09-11T17:04:58Z</CreDtTm></GrpHdr><Stmt><Id>WIRE-STAT-20250822-10</Id><ElctrncSeqNb>10</ElctrncSeqNb><LglSeqNb>10</LglSeqNb><CreDtTm>2025-09-11T17:04:58Z</CreDtTm><Acct><Id><IBAN>FR9937207112500766372990</IBAN></Id><Ownr><Nm>Cole Lane Group LLC</Nm></Ownr><Svcr><FinInstnId><BICFI>BARCNL4B</BICFI></FinInstnId></Svcr></Acct><AcctSvcr>WFBKIE2L</AcctSvcr><FrToDt><Fr>2025-08-22</Fr><To>2025-08-23</To></FrToDt><Bal><Tp><CdOrPrtry><Cd>OPBD</Cd></CdOrPrtry></Tp><Amt Ccy="USD">89922.00</Amt><CdtDbtInd>CRDT</CdtDbtInd><Dt><Dt>2025-08-22</Dt></Dt></Bal><Ntry><Amt Ccy="USD">5697.20</Amt><CdtDbtInd>DBIT</CdtDbtInd><Sts>BOOK</Sts><BookgDt><Dt>2025-08-22</Dt></BookgDt><ValDt><Dt>2025-08-22</Dt></ValDt><BkTxCd><Domn><Cd>PMNT</Cd><Fmly><Cd>ICDT</Cd><SubFmlyCd>DMCT</SubFmlyCd></Fmly></Domn></BkTxCd><NtryDtls><TxDtls><Refs><EndToEndId>E2E-62d87052-ad69-46be-bc70-985b54056594</EndToEndId><TxId>TX-c8605134-0a9d-4bee-9bca-8ae578cff6b4</TxId><UETR>97077040-8c5e-4550-8507-2e27465aff8f</UETR></Refs><RltdPties><Cdtr><Nm>Globex Corp</Nm></Cdtr><CdtrAcct><Id><IBAN>GB9948937094684526644260</IBAN></Id></CdtrAcct><Dbtr><Nm>Pied Piper LLC</Nm></Dbtr><DbtrAcct><Id><IBAN>BE9930830918346913933461</IBAN></Id></DbtrAcct></RltdPties><RltdAgts><CdtrAgt><FinInstnId><BICFI>BOFAGB4B</BICFI></FinInstnId></CdtrAgt><DbtrAgt><FinInstnId><BICFI>HSBCBE6D</BICFI></FinInstnId></DbtrAgt></RltdAgts><RmtInf><Ustrd>Wire payment</Ustrd></RmtInf></TxDtls></NtryDtls></Ntry><Ntry><Amt Ccy="USD">6.65</Amt><CdtDbtInd>DBIT</CdtDbtInd><Sts>BOOK</Sts><BookgDt><Dt>2025-08-22</Dt></BookgDt><ValDt><Dt>2025-08-22</Dt></ValDt><BkTxCd><Domn><Cd>CHRG</Cd><Fmly><Cd>CHRG</Cd><SubFmlyCd>OTHR</SubFmlyCd></Fmly></Domn></BkTxCd><NtryDtls><TxDtls><Refs><EndToEndId>E2E-24ffde46-5e14-487d-88fb-a18a0d55f302</EndToEndId><TxId>TX-189b78cc-42ba-4ede-bb42-2598e9ac303b</TxId><UETR>47394ba8-234f-4a20-a1f4-54ce5d095c98</UETR></Refs><RmtInf><Ustrd>Wire processing fee</Ustrd></RmtInf></TxDtls></NtryDtls></Ntry><Ntry><Amt Ccy="USD">88.36</Amt><CdtDbtInd>DBIT</CdtDbtInd><Sts>BOOK</Sts><BookgDt><Dt>2025-08-22</Dt></BookgDt><ValDt><Dt>2025-08-22</Dt></ValDt><BkTxCd><Domn><Cd>PMNT</Cd><Fmly><Cd>ICDT</Cd><SubFmlyCd>DMCT</SubFmlyCd></Fmly></Domn></BkTxCd><NtryDtls><TxDtls><Refs><EndToEndId>E2E-6fddb009-9249-4129-9e9b-e7aa8a29f32b</EndToEndId><TxId>TX-8aa951c5-e7a7-404d-9fad-732573d42e1b</TxId><UETR>8a986a40-30d4-47b1-a89a-ed739d012713</UETR></Refs><RltdPties><Cdtr><Nm>Globex Corp</Nm></Cdtr><CdtrAcct><Id><IBAN>DE9946130341978716290735</IBAN></Id></CdtrAcct><Dbtr><Nm>Wonka Industries</Nm></Dbtr><DbtrAcct><Id><IBAN>IE9952753269465426938856</IBAN></Id></DbtrAcct></RltdPties><RltdAgts><CdtrAgt><FinInstnId><BICFI>HSBCFR5C</BICFI></FinInstnId></CdtrAgt><DbtrAgt><FinInstnId><BICFI>DEUTDE2L</BICFI></FinInstnId></DbtrAgt></RltdAgts><RmtInf><Ustrd>FX wire</Ustrd></RmtInf></TxDtls></NtryDtls></Ntry><Ntry><Amt Ccy="USD">7869.80</Amt><CdtDbtInd>DBIT</CdtDbtInd><Sts>BOOK</Sts><BookgDt><Dt>2025-08-22</Dt></BookgDt><ValDt><Dt>2025-08-22</Dt></ValDt><BkTxCd><Domn><Cd>PMNT</Cd><Fmly><Cd>ICDT</Cd><SubFmlyCd>XCRT</SubFmlyCd></Fmly></Domn></BkTxCd><NtryDtls><TxDtls><Refs><EndToEndId>E2E-22e0ab91-e8e1-464d-90a5-19be7ed53040</EndToEndId><TxId>TX-a1d306d9-3689-46dd-bee4-7879ab3fc267</TxId><UETR>05c68166-4373-45cc-aef2-b6be6463f395</UETR></Refs><RltdPties><Cdtr><Nm>Stark Industries</Nm></Cdtr><CdtrAcct><Id><IBAN>PT9924831446729160115933</IBAN></Id></CdtrAcct><Dbtr><Nm>Pied Piper LLC</Nm></Dbtr><DbtrAcct><Id><IBAN>FR9984396724158499940133</IBAN></Id></DbtrAcct></RltdPties><RltdAgts><CdtrAgt><FinInstnId><BICFI>CITIBE6D</BICFI></FinInstnId></CdtrAgt><DbtrAgt><FinInstnId><BICFI>NATADE5C</BICFI></FinInstnId></DbtrAgt></RltdAgts><RmtInf><Ustrd>Wire payment</Ustrd></RmtInf></TxDtls></NtryDtls></Ntry><Ntry><Amt Ccy="USD">7699.35</Amt><CdtDbtInd>CRDT</CdtDbtInd><Sts>BOOK</Sts><BookgDt><Dt>2025-08-22</Dt></BookgDt><ValDt><Dt>2025-08-22</Dt></ValDt><BkTxCd><Domn><Cd>PMNT</Cd><Fmly><Cd>RCDT</Cd><SubFmlyCd>XCRT</SubFmlyCd></Fmly></Domn></BkTxCd><NtryDtls><TxDtls><Refs><EndToEndId>E2E-7d8a736a-187d-42da-9e56-013915b5f1ae</EndToEndId><TxId>TX-a75c82ec-93bb-4376-b1cf-c267b2738d67</TxId><UETR>8482a530-5284-470b-bec4-1383acd49877</UETR></Refs><RltdPties><Cdtr><Nm>Umbrella Co</Nm></Cdtr><CdtrAcct><Id><IBAN>DE9923895251527281812073</IBAN></Id></CdtrAcct><Dbtr><Nm>Aperture Science</Nm></Dbtr><DbtrAcct><Id><IBAN>AT9918221254692138467422</IBAN></Id></DbtrAcct></RltdPties><RltdAgts><CdtrAgt><FinInstnId><BICFI>CHASDE3A</BICFI></FinInstnId></CdtrAgt><DbtrAgt><FinInstnId><BICFI>DEUTNL5C</BICFI></FinInstnId></DbtrAgt></RltdAgts><RmtInf><Ustrd>Refund</Ustrd></RmtInf></TxDtls></NtryDtls></Ntry><Ntry><Amt Ccy="USD">15.07</Amt><CdtDbtInd>DBIT</CdtDbtInd><Sts>BOOK</Sts><BookgDt><Dt>2025-08-22</Dt></BookgDt><ValDt><Dt>2025-08-22</Dt></ValDt><BkTxCd><Domn><Cd>CHRG</Cd><Fmly><Cd>CHRG</Cd><SubFmlyCd>OTHR</SubFmlyCd></Fmly></Domn></BkTxCd><NtryDtls><TxDtls><Refs><EndToEndId>E2E-9da5f056-3ff5-46d8-99f3-416fe20af663</EndToEndId><TxId>TX-456d4c47-ec8c-48e3-b2f3-fb826651db41</TxId><UETR>95ca9716-d089-4555-844e-8ee354c3926a</UETR></Refs><RmtInf><Ustrd>Wire processing fee</Ustrd></RmtInf></TxDtls></NtryDtls></Ntry><Ntry><Amt Ccy="USD">694.29</Amt><CdtDbtInd>CRDT</CdtDbtInd><Sts>BOOK</Sts><BookgDt><Dt>2025-08-22</Dt></BookgDt><ValDt><Dt>2025-08-22</Dt></ValDt><BkTxCd><Domn><Cd>PMNT</Cd><Fmly><Cd>RCDT</Cd><SubFmlyCd>XCRT</SubFmlyCd></Fmly></Domn></BkTxCd><NtryDtls><TxDtls><Refs><EndToEndId>E2E-9a34876f-b59d-4f4a-b236-765028ab200c</EndToEndId><TxId>TX-06d0a201-d1f6-4bfd-b530-9898902da792</TxId><UETR>4a39a460-8b53-40f1-9d6d-ffebfc4b1bd4</UETR></Refs><RltdPties><Cdtr><Nm>Umbrella Co</Nm></Cdtr><CdtrAcct><Id><IBAN>IE9966902061857074951182</IBAN></Id></CdtrAcct><Dbtr><Nm>Aperture Science</Nm></Dbtr><DbtrAcct><Id><IBAN>GB9904045342828908228784</IBAN></Id></DbtrAcct></RltdPties><RltdAgts><CdtrAgt><FinInstnId><BICFI>SOGEES2X</BICFI></FinInstnId></CdtrAgt><DbtrAgt><FinInstnId><BICFI>DEUTGB5C</BICFI></FinInstnId></DbtrAgt></RltdAgts><RmtInf><Ustrd>Vendor settlement</Ustrd></RmtInf></TxDtls></NtryDtls></Ntry><Ntry><Amt Ccy="USD">10130.52</Amt><CdtDbtInd>CRDT</CdtDbtInd><Sts>BOOK</Sts><BookgDt><Dt>2025-08-22</Dt></BookgDt><ValDt><Dt>2025-08-22</Dt></ValDt><BkTxCd><Domn><Cd>PMNT</Cd><Fmly><Cd>RCDT</Cd><SubFmlyCd>XCRT</SubFmlyCd></Fmly></Domn></BkTxCd><NtryDtls><TxDtls><Refs><EndToEndId>E2E-aecd62f3-49a8-4862-bf24-e91981298b09</EndToEndId><TxId>TX-8a260cb3-4aef-4d00-a2ed-13428b7776b6</TxId><UETR>88ec93bb-8838-4131-bae5-715d8f8f93f1</UETR></Refs><RltdPties><Cdtr><Nm>Globex Corp</Nm></Cdtr><CdtrAcct><Id><IBAN>BE9983656235205541532524</IBAN></Id></CdtrAcct><Dbtr><Nm>Aperture Science</Nm></Dbtr><DbtrAcct><Id><IBAN>NL9923856819365582398211</IBAN></Id></DbtrAcct></RltdPties><RltdAgts><CdtrAgt><FinInstnId><BICFI>BNPAES2L</BICFI></FinInstnId></CdtrAgt><DbtrAgt><FinInstnId><BICFI>CHASUS3A</BICFI></FinInstnId></DbtrAgt></RltdAgts><RmtInf><Ustrd>Vendor settlement</Ustrd></RmtInf></TxDtls></NtryDtls></Ntry><Ntry><Amt Ccy="USD">542.64</Amt><CdtDbtInd>DBIT</CdtDbtInd><Sts>BOOK</Sts><BookgDt><Dt>2025-08-22</Dt></BookgDt><ValDt><Dt>2025-08-22</Dt></ValDt><BkTxCd><Domn><Cd>PMNT</Cd><Fmly><Cd>ICDT</Cd><SubFmlyCd>DMCT</SubFmlyCd></Fmly></Domn></BkTxCd><NtryDtls><TxDtls><Refs><EndToEndId>E2E-b6d34f5a-cb14-4964-ac4c-ea06974e52cb</EndToEndId><TxId>TX-555dd5be-8f25-41b3-bb98-f1b7f27b4f31</TxId><UETR>e2535d9a-d06c-45af-9eca-4bdfba238ca1</UETR></Refs><RltdPties><Cdtr><Nm>Initech Ltd</Nm></Cdtr><CdtrAcct><Id><IBAN>PT9985675543682244198451</IBAN></Id></CdtrAcct><Dbtr><Nm>Tyrell Corporation</Nm></Dbtr><DbtrAcct><Id><IBAN>NL9988393352342489504673</IBAN></Id></DbtrAcct></RltdPties><RltdAgts><CdtrAgt><FinInstnId><BICFI>NATAUS5C</BICFI></FinInstnId></CdtrAgt><DbtrAgt><FinInstnId><BICFI>BARCIE2L</BICFI></FinInstnId></DbtrAgt></RltdAgts><RmtInf><Ustrd>INV 42565</Ustrd></RmtInf></TxDtls></NtryDtls></Ntry><Ntry><Amt Ccy="USD">5.00</Amt><CdtDbtInd>DBIT</CdtDbtInd><Sts>BOOK</Sts><BookgDt><Dt>2025-08-22</Dt></BookgDt><ValDt><Dt>2025-08-22</Dt></ValDt><BkTxCd><Domn><Cd>CHRG</Cd><Fmly><Cd>CHRG</Cd><SubFmlyCd>OTHR</SubFmlyCd></Fmly></Domn></BkTxCd><NtryDtls><TxDtls><Refs><EndToEndId>E2E-717da831-29f6-49b9-85ad-e91d91adb476</EndToEndId><TxId>TX-63fffe4a-5687-4b14-8360-aee085b3ae0f</TxId><UETR>b5760a13-b57c-4eb0-abf2-1b08bde4b995</UETR></Refs><RmtInf><Ustrd>Wire processing fee</Ustrd></RmtInf></TxDtls></NtryDtls></Ntry><Ntry><Amt Ccy="USD">4655.83</Amt><CdtDbtInd>CRDT</CdtDbtInd><Sts>BOOK</Sts><BookgDt><Dt>2025-08-22</Dt></BookgDt><ValDt><Dt>2025-08-22</Dt></ValDt><BkTxCd><Domn><Cd>PMNT</Cd><Fmly><Cd>RCDT</Cd><SubFmlyCd>DMCT</SubFmlyCd></Fmly></Domn></BkTxCd><NtryDtls><TxDtls><Refs><EndToEndId>E2E-50ed18bb-9ce3-433c-9724-630ec632cacf</EndToEndId><TxId>TX-8ed1d286-9981-4b48-9ad0-fe508848f9fa</TxId><UETR>d08a710f-345c-4725-bf4c-fb424476784b</UETR></Refs><RltdPties><Cdtr><Nm>Wayne Enterprises</Nm></Cdtr><CdtrAcct><Id><IBAN>AT9951235590522118209701</IBAN></Id></CdtrAcct><Dbtr><Nm>Blue Sun Corp</Nm></Dbtr><DbtrAcct><Id><IBAN>BE9902701351029922103598</IBAN></Id></DbtrAcct></RltdPties><RltdAgts><CdtrAgt><FinInstnId><BICFI>NATABE2X</BICFI></FinInstnId></CdtrAgt><DbtrAgt><FinInstnId><BICFI>CITIBE5C</BICFI></FinInstnId></DbtrAgt></RltdAgts><RmtInf><Ustrd>INV 69129</Ustrd></RmtInf></TxDtls></NtryDtls></Ntry><Ntry><Amt Ccy="USD">12525.15</Amt><CdtDbtInd>DBIT</CdtDbtInd><Sts>BOOK</Sts><BookgDt><Dt>2025-08-22</Dt></BookgDt><ValDt><Dt>2025-08-22</Dt></ValDt><BkTxCd><Domn><Cd>PMNT</Cd><Fmly><Cd>ICDT</Cd><SubFmlyCd>DMCT</SubFmlyCd></Fmly></Domn></BkTxCd><NtryDtls><TxDtls><Refs><EndToEndId>E2E-7733b982-5030-4716-93d7-3dd965ae71fd</EndToEndId><TxId>TX-a68c10f9-2a49-465b-a3bb-ac5e32fd1077</TxId><UETR>e5067c1c-e027-47b9-bebf-cbaa4f5aa129</UETR></Refs><RltdPties><Cdtr><Nm>Umbrella Co</Nm></Cdtr><CdtrAcct><Id><IBAN>BE9948093869296592104925</IBAN></Id></CdtrAcct><Dbtr><Nm>Tyrell Corporation</Nm></Dbtr><DbtrAcct><Id><IBAN>AT9939616307215897985603</IBAN></Id></DbtrAcct></RltdPties><RltdAgts><CdtrAgt><FinInstnId><BICFI>HSBCIE6D</BICFI></FinInstnId></CdtrAgt><DbtrAgt><FinInstnId><BICFI>BARCUS5C</BICFI></FinInstnId></DbtrAgt></RltdAgts><RmtInf><Ustrd>INV 75920</Ustrd></RmtInf></TxDtls></NtryDtls></Ntry><Ntry><Amt Ccy="USD">7914.46</Amt><CdtDbtInd>CRDT</CdtDbtInd><Sts>BOOK</Sts><BookgDt><Dt>2025-08-22</Dt></BookgDt><ValDt><Dt>2025-08-22</Dt></ValDt><BkTxCd><Domn><Cd>PMNT</Cd><Fmly><Cd>RCDT</Cd><SubFmlyCd>DMCT</SubFmlyCd></Fmly></Domn></BkTxCd><NtryDtls><TxDtls><Refs><EndToEndId>E2E-a75c23df-96d5-4c4a-bc65-a8ee1a9d3e5f</EndToEndId><TxId>TX-a2c58c7b-be50-45b5-b520-db2dce17ff37</TxId><UETR>a18879e8-fdd6-4186-89f2-f29c9aec43bc</UETR></Refs><RltdPties><Cdtr><Nm>Stark Industries</Nm></Cdtr><CdtrAcct><Id><IBAN>BE9952387517031152554723</IBAN></Id></CdtrAcct><Dbtr><Nm>Aperture Science</Nm></Dbtr><DbtrAcct><Id><IBAN>DE9972733821576351897308</IBAN></Id></DbtrAcct></RltdPties><RltdAgts><CdtrAgt><FinInstnId><BICFI>BNPAIE6D</BICFI></FinInstnId></CdtrAgt><DbtrAgt><FinInstnId><BICFI>SOGEIE4B</BICFI></FinInstnId></DbtrAgt></RltdAgts><RmtInf><Ustrd>Refund</Ustrd></RmtInf></TxDtls></NtryDtls></Ntry><Ntry><Amt Ccy="USD">10.10</Amt><CdtDbtInd>DBIT</CdtDbtInd><Sts>BOOK</Sts><BookgDt><Dt>2025-08-22</Dt></BookgDt><ValDt><Dt>2025-08-22</Dt></ValDt><BkTxCd><Domn><Cd>CHRG</Cd><Fmly><Cd>CHRG</Cd><SubFmlyCd>OTHR</SubFmlyCd></Fmly></Domn></BkTxCd><NtryDtls><TxDtls><Refs><EndToEndId>E2E-e217e3de-6f94-4c44-acff-8c0addf5a7a8</EndToEndId><TxId>TX-fcaebb6d-c296-47c1-ae88-64a5feba119b</TxId><UETR>6d619a08-7796-44f5-9256-be564c970901</UETR></Refs><RmtInf><Ustrd>Wire processing fee</Ustrd></RmtInf></TxDtls></NtryDtls></Ntry><Ntry><Amt Ccy="USD">13145.21</Amt><CdtDbtInd>DBIT</CdtDbtInd><Sts>BOOK</Sts><BookgDt><Dt>2025-08-22</Dt></BookgDt><ValDt><Dt>2025-08-22</Dt></ValDt><BkTxCd><Domn><Cd>PMNT</Cd><Fmly><Cd>ICDT</Cd><SubFmlyCd>DMCT</SubFmlyCd></Fmly></Domn></BkTxCd><NtryDtls><TxDtls><Refs><EndToEndId>E2E-8ef5a9c5-b0a9-4139-b936-dbce798cad27</EndToEndId><TxId>TX-9b4c5e35-338a-4ea9-9bba-ac1640ae584e</TxId><UETR>04daa02a-b6ca-47b8-8f7c-c47b80f81f42</UETR></Refs><RltdPties><Cdtr><Nm>Wayne Enterprises</Nm></Cdtr><CdtrAcct><Id><IBAN>PT9905586911217969787432</IBAN></Id></CdtrAcct><Dbtr><Nm>Blue Sun Corp</Nm></Dbtr><DbtrAcct><Id><IBAN>AT9984517695690517185231</IBAN></Id></DbtrAcct></RltdPties><RltdAgts><CdtrAgt><FinInstnId><BICFI>CITIUS4B</BICFI></FinInstnId></CdtrAgt><DbtrAgt><FinInstnId><BICFI>BNPANL6D</BICFI></FinInstnId></DbtrAgt></RltdAgts><RmtInf><Ustrd>Payroll batch</Ustrd></RmtInf></TxDtls></NtryDtls></Ntry><Ntry><Amt Ccy="USD">9.65</Amt><CdtDbtInd>DBIT</CdtDbtInd><Sts>BOOK</Sts><BookgDt><Dt>2025-08-22</Dt></BookgDt><ValDt><Dt>2025-08-22</Dt></ValDt><BkTxCd><Domn><Cd>CHRG</Cd><Fmly><Cd>CHRG</Cd><SubFmlyCd>OTHR</SubFmlyCd></Fmly></Domn></BkTxCd><NtryDtls><TxDtls><Refs><EndToEndId>E2E-bea21d91-fcf7-4b35-a97c-886cff32bba0</EndToEndId><TxId>TX-6167ddb7-2ce8-42e8-98ff-df3df92ab65f</TxId><UETR>fbc749cd-ba4d-4987-8fb8-623aefc62ce4</UETR></Refs><RmtInf><Ustrd>Wire processing fee</Ustrd></RmtInf></TxDtls></NtryDtls></Ntry><Ntry><Amt Ccy="USD">1758.13</Amt><CdtDbtInd>CRDT</CdtDbtInd><Sts>BOOK</Sts><BookgDt><Dt>2025-08-22</Dt></BookgDt><ValDt><Dt>2025-08-22</Dt></ValDt><BkTxCd><Domn><Cd>PMNT</Cd><Fmly><Cd>RCDT</Cd><SubFmlyCd>DMCT</SubFmlyCd></Fmly></Domn></BkTxCd><NtryDtls><TxDtls><Refs><EndToEndId>E2E-4ec86718-ad2b-4daf-91ce-dab958f49a27</EndToEndId><TxId>TX-337646a4-d1f9-4fc6-9d06-e24cc2cea66f</TxId><UETR>c3ee6eef-0be9-4a05-a3a8-bcd379aa1d8f</UETR></Refs><RltdPties><Cdtr><Nm>Wayne Enterprises</Nm></Cdtr><CdtrAcct><Id><IBAN>GB9911518051273940974876</IBAN></Id></CdtrAcct><Dbtr><Nm>Cyberdyne Systems</Nm></Dbtr><DbtrAcct><Id><IBAN>ES9992858141699081670433</IBAN></Id></DbtrAcct></RltdPties><RltdAgts><CdtrAgt><FinInstnId><BICFI>DEUTGB3A</BICFI></FinInstnId></CdtrAgt><DbtrAgt><FinInstnId><BICFI>RABOFR6D</BICFI></FinInstnId></DbtrAgt></RltdAgts><RmtInf><Ustrd>Wire payment</Ustrd></RmtInf></TxDtls></NtryDtls></Ntry><Ntry><Amt Ccy="USD">11790.19</Amt><CdtDbtInd>CRDT</CdtDbtInd><Sts>BOOK</Sts><BookgDt><Dt>2025-08-22</Dt></BookgDt><ValDt><Dt>2025-08-22</Dt></ValDt><BkTxCd><Domn><Cd>PMNT</Cd><Fmly><Cd>RCDT</Cd><SubFmlyCd>XCRT</SubFmlyCd></Fmly></Domn></BkTxCd><NtryDtls><TxDtls><Refs><EndToEndId>E2E-36e563bc-29b2-4597-ae2d-9b774db43fd2</EndToEndId><TxId>TX-050a042d-a1fe-4106-a6dd-6c08813f2d0c</TxId><UETR>90b47fe4-334d-49c7-90cb-4f243b772bd8</UETR></Refs><RltdPties><Cdtr><Nm>Globex Corp</Nm></Cdtr><CdtrAcct><Id><IBAN>NL9990593448780430372797</IBAN></Id></CdtrAcct><Dbtr><Nm>Wonka Industries</Nm></Dbtr><DbtrAcct><Id><IBAN>NL9905532228743976234158</IBAN></Id></DbtrAcct></RltdPties><RltdAgts><CdtrAgt><FinInstnId><BICFI>DEUTIE2L</BICFI></FinInstnId></CdtrAgt><DbtrAgt><FinInstnId><BICFI>NATANL5C</BICFI></FinInstnId></DbtrAgt></RltdAgts><RmtInf><Ustrd>Payroll batch</Ustrd></RmtInf></TxDtls></NtryDtls></Ntry><Ntry><Amt Ccy="USD">32.26</Amt><CdtDbtInd>DBIT</CdtDbtInd><Sts>BOOK</Sts><BookgDt><Dt>2025-08-22</Dt></BookgDt><ValDt><Dt>2025-08-22</Dt></ValDt><BkTxCd><Domn><Cd>CHRG</Cd><Fmly><Cd>CHRG</Cd><SubFmlyCd>OTHR</SubFmlyCd></Fmly></Domn></BkTxCd><NtryDtls><TxDtls><Refs><EndToEndId>E2E-6b8e4dc2-d672-4c27-9752-cd3ddd94a6fe</EndToEndId><TxId>TX-4276485a-b8e6-4262-8fb6-c3489204d2f5</TxId><UETR>b2ccd56b-b11b-44ed-afc9-2200546c1516</UETR></Refs><RmtInf><Ustrd>Wire processing fee</Ustrd></RmtInf></TxDtls></NtryDtls></Ntry><Ntry><Amt Ccy="USD">16701.43</Amt><CdtDbtInd>CRDT</CdtDbtInd><Sts>BOOK</Sts><BookgDt><Dt>2025-08-22</Dt></BookgDt><ValDt><Dt>2025-08-22</Dt></ValDt><BkTxCd><Domn><Cd>PMNT</Cd><Fmly><Cd>RCDT</Cd><SubFmlyCd>XCRT</SubFmlyCd></Fmly></Domn></BkTxCd><NtryDtls><TxDtls><Refs><EndToEndId>E2E-e7ad8104-3830-463e-8721-2d2c48f3cc01</EndToEndId><TxId>TX-e9421984-d0c5-4e40-b0a9-20a36e5cdaee</TxId><UETR>277bd741-c731-4df0-8ede-51ff962224f8</UETR></Refs><RltdPties><Cdtr><Nm>Vandelay Imports</Nm></Cdtr><CdtrAcct><Id><IBAN>BE9964459970643681009008</IBAN></Id></CdtrAcct><Dbtr><Nm>Cyberdyne Systems</Nm></Dbtr><DbtrAcct><Id><IBAN>FR9905056863900561701368</IBAN></Id></DbtrAcct></RltdPties><RltdAgts><CdtrAgt><FinInstnId><BICFI>CITIUS3A</BICFI></FinInstnId></CdtrAgt><DbtrAgt><FinInstnId><BICFI>CHASES2L</BICFI></FinInstnId></DbtrAgt></RltdAgts><RmtInf><Ustrd>INV 23507</Ustrd></RmtInf></TxDtls></NtryDtls></Ntry><Ntry><Amt Ccy="USD">10.73</Amt><CdtDbtInd>DBIT</CdtDbtInd><Sts>BOOK</Sts><BookgDt><Dt>2025-08-22</Dt></BookgDt><ValDt><Dt>2025-08-22</Dt></ValDt><BkTxCd><Domn><Cd>CHRG</Cd><Fmly><Cd>CHRG</Cd><SubFmlyCd>OTHR</SubFmlyCd></Fmly></Domn></BkTxCd><NtryDtls><TxDtls><Refs><EndToEndId>E2E-10121ec1-b2a9-4fd3-8b0a-65e49bc8c950</EndToEndId><TxId>TX-ac74aca2-bb39-437d-a469-c387413efb95</TxId><UETR>c8cb3d62-5e89-4b82-84ee-92cef4559210</UETR></Refs><RmtInf><Ustrd>Wire processing fee</Ustrd></RmtInf></TxDtls></NtryDtls></Ntry><Bal><Tp><CdOrPrtry><Cd>CLBD</Cd></CdOrPrtry></Tp><Amt Ccy="USD">111308.38</Amt><CdtDbtInd>CRDT</CdtDbtInd><Dt><Dt>2025-08-23</Dt></Dt></Bal><AddtlStmtInf>All entries represent wire transactions (domestic/cross-border). Fees modeled mixed (separate CHRG entries or netted).</AddtlStmtInf></Stmt></BkToCstmrStmt></Document>